2550 4598
442 238 496 303 nn
517 236 814 305 ruorneounu.
1091 242 1134 308 an
1171 229 1179 237 ’
1218 222 1222 229 ’

126 410 272 473 iustitiam
294 408 375 474 idem
397 428 467 471 essa
488 409 651 491 largiatur:
685 409 746 472 Sed
766 409 844 471 llaec
864 409 1136 474 demonstratione

128 497 166 558 ad
183 496 290 558 ‘iustae'
306 499 571 575 argumentationis
588 498 837 576 perspicuitatem
851 498 1042 576 perducatur,
1061 515 1151 576 pro-‚¹

127 584 215 647 hibet
236 583 423 663 Protagorae
444 584 625 671 pervicacia,
643 583 704 661 -qui
734 601 772 644 ne
792 600 898 642 rursus
921 584 1041 644 Socrati
1063 601 1136 643 con·
1214 635 1218 642 .

129 668 241 729 cedere
261 673 397 749 cogatur,
419 669 497 728 bona
517 688 638 749 semper
658 668 743 729 utilia
766 668 1016 746 essepraefracte
1036 674 1137 747 negat.

92 795 95 801 -
128 752 271 833 Rogante
292 761 393 824 autern
413 753 558 829 Socrate,
579 772 615 813 an
639 772 715 832 quae
736 754 849 814 nemini
866 756 927 813 siut
943 755 1027 815 utilia
1041 757 1147 816 bono-1

128 858 198 899 rum
225 841 346 921 nomine
371 845 457 903 recte
478 839 624 919 appellari
646 845 768 919 queant,
789 838 908 917 longam
929 841 1056 900 orditur·
1069 858 1139 899 ora·

130 926 262 999 tionem,
287 927 320 995 la
346 938 403 1002 qna
423 944 483 993 nou
503 927 567 994 aine
589 925 726 1004 speciosa
746 926 901 985 doctrinae
923 926 1139 997 ostentatione,
1192 926 1196 931 '

132 1008 212 1088 qnod
231 1009 303 1078 lrnlc
322 1008 512 1093 bonnmsit,
532 1010 614 1070 idem
635 1010 723 1076 alteri
745 1010 1016 1071 damnum'afferre
1037 1011 1139 1083 docet,

132 1095 337 1175 plurimasque
357 1114 408 1157 res
421 1101 588 1171 enumerat,
611 1104 688 1174 quae
703 1098 793 1156 modo
807 1092 910 1172 utiles,
932 1096 1141 1157 modononlaa
1165 1129 1167 1133 >

130 1181 201 1254 siut,
222 1181 340 1243 scilicet
359 1180 418 1247 hac¹
438 1183 556 1251 ratione
578 1181 761 1245 audientium
778 1183 898 1247 animos
919 1181 965 1242 ad*
978 1182 1026 1245 aui
1046 1181 1141 1242 admi-

129 1266 278 1328 rationem
300 1260 483 1346 alrr'epturus
501 1267 592 1345 atque
613 1273 710 1331 artem
723 1266 857 1329 Socratis
880 1266 1066 1332 dialecticam
1080 1266 1141 1332 can

129 1349 192 1413 lide
214 1351 366 1416 elusurus.
407 1352 443 1413 P.
464 1351 597 1415 uae-m
618 1384 658 1396 -
680 1352 753 1413 ³34.
776 1352 809 1413 G.
851 1353 919 1411 Nec
942 1371 1015 1412 vero
1036 1353 1142 1434 negari

130 1432 237 1516 'potest
267 1437 466 1516 Protagoram
496 1440 584 1497 recte
610 1435 745 1498 iudicare
766 1435 940 1504 utilitatem·
955 1456 1067 1507 renum,
1088 1452 1141 1497 rr*

130 1523 208 1582 riam
227 1541 296 1584 esse
317 1528 350 1581 et
367 1521 563 1601 multiplicem
583 1516 640 1581 nec
662 1516 720 1601 par
740 1540 775 1587 sc
796 1526 993 1587 constantem.
1031 1522 1142 1599 Quam*

133 1609 239 1669 obrem
260 1608 367 1686 utique
387 1606 467 1686 quod
488 1608 547 1667 ianr
569 1605 680 1669 bonurn
701 1606 789 1668 alicui
810 1624 882 1670 esse
902 1607 1039 1680 uidetur,
1060 1606 1142 1668 idcm'

133 1693 223 1759 alteri
245 1693 355 1752 malum
377 1710 447 1753 esse
468 1698 585 1772 potest.
628 1693 670 1754 nt
691 1693 865 1753 enimvero
886 1690 942 1751 alia
966 1701 1051 1752 certa
1072 1712 1142 1752 sen·

131 1779 229 1839 tentia
249 1777 384 1838 Socratis
404 1783 468 1851 est,
483 1778 535 1858 qui
548 1777 626 1855 quod
647 1777 845 1839 arctissimam
867 1777 973 1838 statuit
992 1776 1072 1838 inter
1088 1779 1142 1838 to·

132 1881 204 1925 num
231 1869 323 1942 atque
349 1863 425 1924 utile
450 1864 703 1929 necessitudinem
730 1869 763 1925 et
791 1863 1048 1939 coniunctionem,
1082 1880 1143 1924 non

133 1954 195 2009 tarn
216 1949 292 2009 utile
313 1967 370 2030 pro
391 1950 470 2010 bono
491 1950 616 2023 habuit,
639 1967 726 2027 quarn
749 1947 892 2029 quidquid
914 1948 1024 2013 bonurn
1047 1954 1142 2023 esset,
1167 1972 1171 1991 ¹

131 2032 213 2097 idem
233 2034 265 2095 in
287 2052 322 2095 se
341 2033 417 2096 utile
438 2054 508 2096 csse
529 2035 691 2095 arbitratus
713 2040 771 2108 est,
811 2033 939 2111 Qua'de
960 2052 995 2093 re
1009 2032 1144 2115 disputat
1180 2028 1183 2033 ’

133 2121 215 2201 apud
235 2118 406 2200 lle-noph.
427 2118 523 2183 Mem.
546 2119 598 2193 lV,
620 2120 651 2196 o,
672 2117 704 2189 8.
724 2126 757 2180 ct
776 2118 875 2186 Plat.
889 2117 1019 2183 dlicuon.
1035 2140 1064 2199 p.
1078 2119 1143 2190 8¹3„

133 2205 187 2264 nbi
217 2212 320 2266 recte:
350 2198 458 2270 πάντα
485 2197 548 2288 ’γὰρ
576 2196 716 2287 τάγαθὰ
747 2199 913 2288 ὠφέλιμα,
943 2223 1001 2266 uec
1021 2204 1142 2266 inverso

134 2283 384 2354 ordlnerrrdrra
405 2282 468 2376 γὰρ
490 2287 664 2378 τώφέλιμα
685 2283 834 2372 κάγαθά.
875 2289 943 2351 Hoc
961 2291 1061 2369 ipsum
1082 2290 1145 2368 igi-

133 2380 186 2437 tur
207 2375 352 2443 Socrates
372 2375 548 2441 Platonicos
568 2377 607 2451 ei,
628 2394 716 2454 quarn
737 2376 807 2436 alibi
820 2376 964 2456 prodidit,
987 2376 1144 2434 doctrinae

126 2463 349 2524 convenienter
368 2460 412 2519 lta
433 2466 543 2539 urget,
556 2466 590 2519 ut
609 2461 682 2519 in'de
703 2469 910 2538 argumentum
927 2478 1000 2519 suae
1022 2466 1145 2523 senten·

133 2547 197 2606 tiae
218 2550 350 2623 repetat.
392 2544 565 2623 Quanquam
580 2562 670 2607 nemo
692 2545 750 2604 erit
773 2545 842 2622 quin
855 2543 1073 2604 rideatcallido
1090 2544 1146 2607 de·

132 2629 199 2690 ludi
218 2629 434 2708 horagoraora
461 2631 515 2693 ubi
535 2649 575 2691 en
593 2648 647 2703 eo,
678 2630 758 2707 quod
779 2630 830 2708 qui
850 2629 963 2688 iniuste
984 2628 1094 2703 faciat,
1116 2629 1144 2690 ia
1179 2668 1186 2689 1
1239 2620 1242 2629 ⁴

132 2717 307 2794 neutiquam
335 2721 406 2793 agat
434 2708 634 2800 σωφρόνως,
660 2719 807 2794 protenus
820 2715 980 2793 ‘colligitur
999 2716 1145 2777 iustitiam
1254 2780 1257 2787 ,

134 2807 169 2861 et
197 2793 419 2888 σωφροσύνην
444 2818 535 2861 unum
563 2799 705 2885 idemque
726 2819 804 2864 ease.
846 2799 963 2864 Verum
982 2802 1144 2865 redeamus
1264 2864 1267 2873 ,

133 2886 175 2948 ad
196 2900 368 2948 sermonem
389 2884 585 2953 Platonicum.
1044 2919 1048 2929 ‚

219 2973 288 3033 Etsi
307 2973 401 3051 igitur
415 2971 607 3051 'Protagorae
629 2970 792 3037 familiares
820 2970 900 3030 illins
915 2969 1066 3047 orationis
1087 2988 1144 3029 co·

133 3060 213 3141 plam
234 3076 270 3117 ac
292 3057 484 3136 splendorem
505 3056 699 3130 admirantur,
719 3062 819 3116 tamen
841 3056 998 3116 Socratem
1020 3054 1079 3115 non
1093 3055 1144 3116 fu-

134 3145 182 3225 git
201 3143 515 3204 fraudulentumillius
536 3142 703 3209 consilinum
745 3139 845 3221 Rogat
856 3142 949 3221 igitur
963 3141 1143 3220 sophistam,

133 3235 170 3289 ut
192 3228 290 3288 missis
311 3229 535 3309 splendidarum
557 3229 724 3294 orationum
748 3226 921 3304 ambagibus
934 3226 1144 3304 breviloquen-

134 3315 178 3375 tia
200 3317 320 3388 utotur,
348 3316 379 3375 ln
405 3334 462 3393 qua
491 3319 523 3374 et
551 3314 618 3392 ipsa
646 3330 718 3372 sese
751 3313 901 3372 excellere
924 3306 1034 3372 dixerit
1087 3310 1144 3371 llle

134 3414 209 3456 vero
231 3398 365 3478 iniquum
385 3405 473 3479 putat
494 3400 552 3459 albi
574 3398 749 3476 praescribi,
773 3399 1023 3476 quaemadmodum
1039 3394 1143 3474 dispu-

135 3481 257 3543 tandum
281 3484 342 3546 sit?
371 3485 486 3560 Quibus
508 3483 616 3545 auditis
642 3483 803 3557 Socrates,
831 3501 976 3561 nugarum
998 3480 1144 3558 sophisti-

136 3587 240 3629 carum
260 3569 429 3648 impatiens,
450 3571 578 3649 abrupto
601 3587 740 3629 sermone
761 3562 927 3628 discessum
947 3572 1042 3647 parat.
1084 3566 1145 3628 Hic

135 3672 212 3714 vero
232 3654 319 3713 amici
338 3673 407 3718 cum
429 3656 536 3718 obnixe
556 3660 675 3733 rogant,
696 3661 731 3715 ut
751 3672 791 3714 ne
812 3651 963 3726 discedat,
986 3653 1145 3731 precibus·

137 3756 198 3818 que
220 3740 283 3798 suia
304 3738 333 3804 ld
355 3740 501 3815 efficiunt,
522 3747 558 3800 ut
578 3758 638 3799 non
651 3741 741 3799 modo
754 3743 918 3810 remaneat,
938 3740 1145 3799 verumetiam

136 3842 244 3885 rursus
267 3842 334 3889 cum
353 3823 519 3904 Protagora
539 3840 708 3885 sermonem
722 3823 863 3884 conferre
876 3823 957 3884 velit.
999 3824 1146 3902 eroniana

135 3915 238 3970 autern
261 3908 490 3972 declamationes
512 3911 666 3989 longiores
688 3909 807 3969 omnino
830 3908 935 3969 censet
956 3929 974 3969 a
995 3909 1145 3987 colloquio

136 3993 282 4055 arcendas
296 4012 377 4069 erse,
397 3997 553 4074 sophistae
566 3994 768 4075 respondendi
789 3994 1030 4073 interrogandive
1043 3995 1146 4074 optio-

137 4099 179 4142 ne
200 4081 287 4158 ἀνω,
316 4080 386 4163 ipae
406 4082 465 4143 iarn
484 4080 696 4163 respondentis
717 4080 846 4163 suscipit
865 4088 986 4162 partes,
1015 4082 1059 4141 ita
1080 4079 1146 4159 qui·
