2550 4598
448 257 502 320 nu
523 254 824 353 rauracorum.
1099 262 1141 323 ro

134 429 291 491 detentum
318 428 373 502 iri,
396 426 451 487 sed
473 428 591 488 statim
603 435 794 508 accepturum
819 418 895 509 qnae
914 428 952 492 ad
971 450 1022 494 res
1048 449 1139 511 quum
1230 463 1232 467 ·

133 515 314 576 domesticas
351 520 416 588 tnm
450 514 585 591 pnhlicas
620 514 699 574 bene
731 514 979 578 administrandas
1011 518 1139 594 solemn,

133 607 408 682 percepturnmque
430 606 526 659 artem
546 592 755 676 πολιτικήν
771 598 805 660 P.
821 601 896 666 alt.
916 601 1087 665 0-819
1100 604 1136 665 A.

218 735 288 796 Hoc
311 735 405 813 igItur
432 733 587 796 exordium
618 734 688 795 libri
716 743 772 796 est.
822 732 910 812 erod
934 742 1020 801 certe
1048 757 1138 801 nemo

132 821 195 882 erit
217 822 288 899 quin
309 821 409 880 statim
430 821 529 898 primo
548 821 656 889 obtutu
670 818 769 880 videat
790 819 827 881 ad
848 822 944 883 totins
965 825 1067 901 operis
1088 842 1157 899 μιν

133 912 308 984 gementum
338 907 460 984 egregie
487 910 719 982 attemperatum
741 924 830 975 esse.¹
861 906 936 967 Nem
959 907 1039 986 quod
1059 907 1137 969 Pro·

133 998 273 1068 lagopus,
304 991 355 1068 qni
383 993 497 1069 primns
525 1009 560 1050 se
586 991 683 1072 palam
712 991 880 1070 sophistam
901 991 1089 1070 appellabat,
1117 1012 1136 1073 q

133 1076 243 1150 Gallie,
272 1074 394 1135 homine
417 1077 581 1153 ditissimo,
611 1077 662 1154 qui
682 1083 783 1137 tamen
805 1078 947 1137 maximas
968 1095 1043 1155 opes
1065 1097 1137 1139 snas

131 1161 215 1221 breui
242 1158 401 1220 coetorum
426 1163 553 1222 maxime
582 1161 735 1221 hominum
770 1180 829 1222 usu
865 1166 897 1221 ct
931 1161 1136 1223 familiaritate

131 1244 376 1324 pessumdedisse
398 1247 526 1322 dieitur,
549 1246 682 1324 hospitio
702 1252 847 1323 exceptus
868 1251 931 1319 est,
953 1249 1035 1326 quod
1054 1247 1136 1311 idem
1211 1244 1215 1254 “
1243 1257 1247 1264 ’

130 1332 212 1391 inter
233 1337 354 1392 eeteros
376 1331 528 1410 sophistas
551 1330 710 1409 plurimum
734 1332 814 1390 valet
834 1332 931 1409 gratia
951 1337 983 1391 et
1004 1334 1135 1396 ιιιιιιοιί-

130 1422 213 1490 tate,
243 1415 322 1495 qnod
344 1416 485 1475 constitae
506 1415 628 1495 plurimi
650 1433 717 1473 eum
741 1431 812 1473 eum·
829 1433 944 1474 summe
963 1419 1135 1479 reverentie

130 1504 254 1578 cingunt
275 1500 534 1576 ambulantemqne
556 1499 746 1572 comitantur,
767 1498 843 1558 haec
863 1504 955 1576 atque
976 1501 1032 1559 alia
1052 1502 1134 1561 simi-
1239 1520 1243 1525 ’

130 1586 171 1645 lie
198 1585 289 1644 facile
318 1590 447 1662 apparet
469 1585 622 1663 pertinere
651 1601 704 1659 eo,
740 1590 775 1643 nt
799 1585 935 1643 insanum
963 1582 1039 1646 illud
1068 1593 1132 1646 stu
1235 1608 1238 1613 ·

129 1671 229 1744 dium,
258 1687 317 1747 qno
347 1669 461 1730 incensi
481 1669 685 1729 Athenienses
713 1669 802 1727 hrrins
824 1668 978 1746 sophistae
997 1671 1133 1750 discipli-

129 1775 197 1815 nam
225 1755 433 1828 sectabantur,
467 1753 573 1814 vividis
605 1748 757 1813 colorihns
787 1754 975 1832 depingatur.
1017 1757 1135 1856 Neque
1179 1803 1190 1819 .

129 1841 264 1919 ineptum
287 1846 351 1912 est,
380 1839 460 1917 quod
487 1839 661 1919 sophistae
689 1844 771 1897 tanta
796 1837 972 1899 hominum
978 1840 1132 1901 existima·

128 1927 213 1986 tione
233 1925 364 1997 florenti,
385 1926 526 2004 superbia
540 1943 600 1984 non
617 1924 778 1984 mediocris
793 1925 978 1984 attribuitur.
1021 1927 1134 2002 Quam·

130 2012 234 2071 obrem
263 2029 322 2070 ιιοιι
346 2011 439 2080 modo
470 2006 529 2069 arti
551 2028 623 2069 suae
644 2008 830 2089 sophisticae
850 2027 984 2070 summac
1004 2013 1133 2090 untiqui-

128 2088 209 2155 tatis
223 2096 433 2154 alletoritatem
454 2094 600 2166 ιίιιιιίιιι,
629 2113 732 2154 rernm
759 2093 849 2153 etiam
871 2094 944 2154 alias
977 2097 1135 2174 sophistas

129 2181 258 2258 despicit
279 2185 311 2240 et
339 2181 522 2252 cmtemnit,
552 2180 664 2259 qnippe
690 2179 739 2256 qni
766 2178 904 2238 insenum
933 2178 969 2238 ad
990 2183 1145 2245 virtutem

128 2272 273 2343 protenus
294 2264 546 2326 hastituendornm
566 2264 731 2326 sollertiam
753 2280 812 2324 non
833 2280 900 2325 earu
920 2268 1052 2341 teneant,
1076 2285 1135 2344 qna

127 2350 373 2429 ipse‘gloriutur.

211 2466 344 2527 Miratur
366 2461 509 2526 Socrates
530 2462 712 2544 singularem
733 2466 788 2524 viri
810 2464 998 2543 sapientiam,
1019 2465 1132 2526 lihere

128 2571 188 2631 qne
216 2552 310 2612 confit
312 2557 381 2610 etur
407 2550 446 2610 de
470 2551 582 2610 virtute
609 2549 687 2610 cirili
715 2549 833 2627 quidem
863 2568 984 2628 semper
1012 2552 1134 2613 sintita

119 2634 224 2697 'visum
256 2654 342 2708 esse,
372 2626 407 2694 ut
435 2653 502 2695 eam
531 2635 667 2694 doctrine
696 2639 728 2693 et
749 2636 937 2694 institutione
959 2642 1018 2696 raon
1039 2655 1149 2716 posse-

129 2721 297 2802 comparari
323 2721 509 2784 indicaverit.
557 2720 634 2780 Nam
654 2719 857 2780 Athenienses
886 2722 1007 2799 quidem
1034 2730 1131 2797 certe,

126 2809 240 2883 inquit,
263 2807 432 2899 derebus,
455 2823 533 2887 qnae
554 2805 679 2865 seientia
702 2805 987 2879 etartenitnntnr,
1009 2826 1134 2887 semper
1217 2810 1225 2825 ‘

127 2895 200 2952 artis
221 2893 337 2973 peritos
359 2878 397 2952 in
413 2892 570 2952 eonsilium
587 2889 748 2964 adhihent3
776 2890 848 2949 de
840 2893 876 2950 ris
904 2893 995 2950 rehns
1020 2901 1131 2966 antem,

112 2997 205 3056 ,quae
224 2977 401 3039 reseruntur
421 2976 457 3036 ad
479 2975 665 3054 reipublicae
685 2974 992 3050 administrationem,
1014 2983 1133 3037 tantum

129 3064 224 3136 abest,
246 3070 281 3123 ut
302 3070 403 3123 certos
425 3063 569 3140 quosdam
589 3061 688 3137 viros,
715 3061 767 3139 qui
788 3060 939 3137 soliortis
961 3061 1055 3122 ciuilis
1077 3081 1133 3140 pe-

128 3148 182 3208 riti
208 3150 285 3225 sint,
311 3140 510 3209 consulendos
540 3146 730 3218 existiment,
759 3152 792 3205 ut
821 3146 913 3205 enisis
936 3144 1055 3206 dicendi
1077 3167 1132 3224 po·

97 3238 274 3298 ,testatem
296 3233 480 3308 concedant,
508 3231 620 3310 quippe
647 3235 793 3311 putantes.
815 3231 1000 3311 reipublicae
1021 3233 1132 3311 guber-

129 3317 245 3379 nandae
272 3318 436 3380 sollertiam
466 3335 526 3379 non
546 3333 640 3395 posse
661 3316 786 3376 aliorum
807 3317 975 3395 comparari
996 3317 1133 3378 doctrina

128 3409 165 3464 et
177 3403 379 3465 institutione.
423 3405 524 3481 Atque
549 3403 628 3462 hano
649 3401 829 3461 sententiam
849 3402 925 3461 illud
947 3418 1068 3480 quoque
1088 3403 1133 3463 vi-

131 3488 221 3548 detur
240 3491 426 3565 confirmare,
448 3487 528 3567 qnod
550 3487 605 3546 lilii
626 3504 808 3546 summorum
830 3484 962 3548 virorum
984 3493 1016 3546 et
1031 3487 1061 3547 in
1082 3506 1133 3548 re-

129 3572 252 3653 publica
265 3575 508 3646 clarissimorum,
530 3573 662 3674 quemuis
679 3570 1032 3651 diligentissimefuerint
1054 3573 1133 3632 edu·

130 3659 190 3720 cati
212 3663 244 3718 et
264 3659 402 3736 instituti,
424 3665 523 3720 tamen
545 3657 699 3718 rarissime
720 3657 756 3716 ad
778 3664 922 3747 paternae
933 3657 1051 3716 virtutus
1068 3658 1132 3718 lari

129 3744 183 3804 des
205 3745 397 3823 perveniunt,
424 3738 485 3824 imo
506 3760 725 3821 saepenumero
747 3742 784 3802 ab
805 3760 841 3800 ee
861 3741 1021 3820 plurimum
1043 3760 1134 3802 rece·

129 3829 211 3889 dunt.
253 3827 310 3888 ihs
341 3829 484 3908 expositis
506 3827 649 3889 Socrates
676 3834 764 3906 rogat
785 3826 1004 3904 Protagoram,
1026 3831 1077 3901 ut,
1106 3827 1134 3888 sl
1236 3818 1242 3828 ⁸

131 3914 202 3993 quid
227 3912 354 3987 habeat,
388 3933 446 3991 qno
476 3915 575 3993 pessit
604 3912 681 3973 hanc
710 3912 925 3971 dubitationem
951 3910 1048 3972 animo
1076 3928 1133 3972 suo

130 3996 442 4191 primergpoidsstellt
469 4017 535 4059 cum
564 3998 700 4059 omnihus
728 3997 955 4058 communicare.
999 3994 1034 4063 Ρ.
1060 3995 1166 4057 819
1229 4078 1236 4087 ί

837 4124 912 4244 2⁴¹¹
