2550 4598
140 244 184 311 lt
221 266 223 271 ·
498 239 802 307 1⁹12ththst

132 425 222 487 ,mum
241 410 470 479 commodorum
489 416 561 478 inda
582 420 783 495 comparetur.
826 415 871 478 lta
891 416 986 498 igitur
1005 416 1094 492 deri,
1113 423 1146 481 at
1183 421 1198 506 f*

137 518 178 567 ate
198 510 263 565 tum
284 502 403 582 quidem
426 522 517 582 quum
537 503 575 575 iis
595 503 732 562 veritatis
749 504 994 564 demonstrentur
1012 504 1146 582 uestigia,
1180 509 1199 568 li

138 589 210 669 quid
233 589 273 649 dc
293 608 365 649 vera
385 588 424 648 ad
444 590 586 649 virtutem
607 587 709 648 indole
721 594 811 666 atquae
832 590 1023 649 institutione
1044 590 1146 650 existi·
1184 596 1198 635 ¹²

136 675 278 737 muudum
299 675 357 747 sit,
378 674 441 733 ullo
463 675 553 735 modo
577 680 785 751 assequantur·
828 673 914 734 llaec
935 676 1029 754 igitur
1049 674 1147 739 omnis
1183 679 1198 727 ¹¹.

137 761 178 822 sd
204 779 271 820 rem
297 750 607 821 accommodatissime
633 765 839 837 exponuntur,
867 761 910 820 ita
938 760 1075 838 quidem,
1114 760 1148 819 ut
1185 757 1198 803 ⁰

136 845 206 927 ipae
226 838 410 923 Protagoras
431 852 488 923 per
509 844 696 904 dialecticam
716 840 899 904 Socraticam
921 847 1033 907 misere
1055 864 1147 925 capue
1183 848 1198 888 ¹¹

136 929 184 991 let
211 936 244 991 et
274 948 362 1009 quum
391 931 481 1010 longe
508 950 526 990 a
553 929 674 991 virtutis
704 930 876 1007 coguitIoue
902 931 998 1005 absit,
1032 930 1148 1009 argutis
1184 926 1198 973 Υ

135 1015 386 1076 conclusiunculis
408 1017 438 1074 in
465 1015 604 1075 fraudem
634 1021 667 1074 et
688 1032 825 1075 errorem
854 1012 994 1075 inductus
1015 1032 1073 1074 nce
1095 1034 1147 1076 us·
1187 1016 1198 1058 ί

136 1112 225 1179 quam
253 1118 357 1162 uenam
385 1102 594 1182 perspiciens,
630 1100 716 1178 quasi
745 1099 827 1160 adtro
858 1099 1029 1178 legentibus
1060 1105 1148 1180 pate·
1185 1087 1198 1142 t:

135 1187 236 1247 faciat.
952 1224 956 1228 -
1186 1183 1198 1227 ²

220 1270 336 1334 Verum
362 1270 442 1331 enim
470 1282 544 1330 vero
565 1288 625 1330 uon
648 1269 721 1330 satia
742 1267 803 1330 fuit
822 1267 942 1330 Platoni
963 1258 1147 1343 ostendisse,
1187 1272 1198 1334 l

135 1354 294 1419 simulatos
324 1355 393 1417 illos
421 1346 543 1415 uirtutis
573 1355 716 1415 doctores
748 1354 868 1414 omnino
898 1372 935 1415 ea
956 1373 1061 1416 carcre
1082 1355 1145 1416 veri
1187 1347 1198 1399 ῐ

135 1443 265 1509 scientia
291 1449 324 1502 et
345 1441 534 1520 cognitione,
562 1458 640 1519 quae
671 1438 709 1499 ad
729 1439 798 1500 talis
819 1440 953 1500 muueris
974 1438 1144 1522 professio-¹

132 1545 206 1606 nem
232 1526 405 1589 necessario
432 1527 621 1603 requiratur,
653 1524 709 1585 sed
729 1525 882 1604 processit
904 1525 993 1586 etiam
1016 1518 1146 1605 lo'nglas.

134 1608 277 1693 Eleganti
299 1612 378 1671 euim
399 1610 511 1670 iudicio
532 1628 599 1671 cum
621 1608 712 1669 hrains
733 1604 779 1669 rei
791 1611 1049 1672 demonstratione
1072 1630 1144 1672 cun⁴
1187 1601 1198 1654 ¹

133 1690 232 1759 iunxit
258 1692 463 1776 grauissimam
497 1698 529 1753 et
553 1694 783 1777 urbanissimam
811 1695 995 1775 sophisticae
1016 1692 1143 1775 ducendi
1188 1696 1198 1759 1

133 1781 202 1843 viae
223 1782 404 1842 curationis
425 1776 713 1860 reprehensionem,
734 1779 814 1840 unde
836 1799 924 1858 quam
945 1780 1020 1840 nihil
1041 1781 1088 1843 illi
1107 1780 1142 1843 ad
1189 1767 1198 1824 ¹

131 1952 352 2034 perspiciatur:
372 1968 464 2010 vanae
485 1956 586 2034 autem
606 1950 660 2011 isti
680 1956 713 2011 et
734 1951 892 2029 speciosae
913 1952 1070 2014 doctrinae
1090 1972 1141 2014 ve-

130 2038 179 2099 lut
199 2056 217 2096 a
238 2038 363 2117 regione
378 2035 522 2117 opposuit
536 2035 719 2096 Socraticam
733 2035 930 2112 dialecticam,
953 2055 1030 2115 quae
1052 2058 1140 2117 qurum
1192 2076 1198 2115 p

108 2372 231 2441 'omnia
261 2377 332 2439 iere
352 2378 525 2458 disputandi
543 2396 655 2458 genera
676 2379 867 2456 experiatur,
896 2396 953 2437 nec
979 2384 1081 2439 tamen
1108 2381 1139 2440 in

129 2464 194 2527 ullo
216 2462 309 2527 talem
345 2483 380 2525 se
396 2464 561 2546 prheheat,
589 2464 641 2542 qui
663 2460 783 2524 Socrati
812 2468 917 2524 contra
945 2480 1014 2523 eum
1043 2466 1138 2526 ulissei

36 2614 39 2619 ,
129 2551 211 2613 renti
239 2550 396 2613 commode
424 2549 613 2628 respondere
640 2555 693 2609 aut
714 2568 787 2610 suuc
808 2549 957 2629 opinionis
978 2550 1137 2613 veritate!

129 2635 261 2715 probare
289 2639 388 2712 queat.
430 2633 507 2693 Nam
535 2632 617 2710 quod
646 2632 700 2692 llic
727 2636 856 2713 primum
885 2634 1039 2712 longiores
1063 2638 1136 2698 suh-
1190 2619 1198 2659 ⁴

49 2768 52 2775 ,
129 2721 203 2781 inde
233 2720 345 2779 recitat
374 2719 541 2790 orationes,
574 2729 650 2797 quae
675 2719 865 2798 magnificum
891 2719 1005 2780 hahent
1028 2722 1137 2783 uerbo-
1191 2705 1198 2744 ¹

128 2824 198 2866 rum
226 2810 366 2864 ornatum
387 2802 544 2880 acutisque
566 2801 727 2882 splendent
755 2805 959 2864 sententiolis&
989 2804 1080 2868 facile
1101 2808 1136 2868 li·

127 2897 180 2952 cet
206 2889 445 2951 animaduertere
473 2900 578 2967 carere
600 2887 722 2948 easdem
743 2897 828 2949 certo
851 2890 957 2950 ordine
978 2891 1136 2972 lucidaque

127 2978 298 3056 argumenti
320 2972 576 3036 demonstratione
597 2969 646 3056 *),
675 2974 807 3055 ideoque
837 2976 875 3035 'ad
895 2978 1136 3055 persuadendum
1193 2961 1198 3065 ἶ

126 3062 250 3122 minime
276 3065 362 3138 aptas
390 3078 469 3120 esse.
513 3059 602 3136 Quod
629 3058 748 3137 quidem
770 3061 875 3120 vitium
897 3063 987 3121 etiam
1008 3065 1040 3123 in
1061 3065 1135 3127 alio-

126 3166 194 3208 rum
216 3144 439 3225 sophistarum,
459 3144 553 3205 veluti
572 3141 704 3225 Hippiae
726 3151 759 3207 et
779 3145 918 3220 Prodici,
939 3150 1135 3221 oratiunculis
1194 3135 1198 3165 ⁸

125 3233 278 3308 cernitur,
299 3236 334 3290 at
354 3230 445 3291 facile
475 3235 621 3309 appareat
653 3230 731 3291 hanc
761 3232 946 3292 declamandi
968 3238 1135 3296 consuetu'·
1194 3248 1198 3257 ·

124 3319 241 3394 dinem,
265 3324 323 3396 qha
343 3316 500 3396 sophistae
520 3315 694 3391 utebantur,
716 3316 826 3379 festiue
847 3319 991 3395 exagitari
1013 3327 1045 3379 et
1068 3328 1134 3382 tan·

125 3423 213 3483 quam
243 3401 380 3465 inutilem
407 3400 445 3462 ad
472 3402 685 3480 reperiendum
713 3421 816 3464 verum
845 3404 929 3483 carpi
963 3421 998 3461 ac
1026 3425 1134 3486 repre·

124 3490 230 3553 hendit
271 3487 388 3549 Deinde
417 3505 475 3565 quo
499 3486 567 3547 loco
591 3488 731 3566 sophista
750 3489 851 3550 missis
872 3488 1043 3567 longiorum
1065 3510 1133 3552 ora·

123 3575 240 3636 tionum
274 3573 448 3654 ambagibus
480 3591 537 3631 una
568 3590 637 3633 curu
665 3573 792 3635 Socrate
819 3575 1010 3654 propositum
1042 3597 1132 3658 argu·

123 3670 258 3722 mentuun
278 3659 455 3721 disserendo
478 3658 628 3737 explicare
642 3658 784 3735 instituit,
804 3660 881 3719 adeo
903 3660 955 3719 ille
972 3678 1044 3721 sese
1065 3671 1131 3724 tur·
1194 3725 1198 3736 ,

123 3749 206 3828 piter
227 3746 279 3806 dat
300 3747 332 3806 in
353 3745 526 3820 dialecticis,
549 3752 583 3803 ut
604 3744 715 3804 misere
739 3747 889 3806 succutiat
909 3745 1041 3824 ideoque
1060 3767 1130 3809 mox

122 3833 162 3895 sd
183 3832 416 3895 declamationes
438 3850 508 3895 suas
529 3830 692 3908 relabatur,
714 3833 822 3911 quibus
844 3851 913 3894 scae
928 3832 1045 3897 facilitas
1057 3852 1130 3917 spc-

138 3993 326 4015 αὼ--ιῆιὺ

154 4100 179 4168 ’)
196 4101 228 4182 Y.
247 4101 282 4155 sd
298 4117 323 4169 p.
344 4104 401 4154 elo.
420 4103 442 4154 (l
459 4108 515 4171 sqq}
