2550 4598
462 241 516 306 hl)-
537 239 835 307 eboracorum.
1116 246 1157 309 lt

149 415 237 481 nacta
270 414 312 481 eit
345 416 459 481 amicus
494 423 528 474 et
559 415 773 479 assectatores.
823 378 1049 485 antonionum·
1075 414 1167 480 enlm·

149 498 277 563 mirifice
297 500 450 563 homirnuu
472 499 597 560 lubidini
617 504 650 559 et
671 498 837 561 ambitioni.
879 499 1080 576 Quamobrem
1093 502 1156 565 So-

149 592 250 651 crates
277 585 415 665 inprimis
436 587 469 646 id
491 604 614 664 operam
641 582 745 659 dedit,
770 590 805 642 ut
832 586 1062 663 perversitatem
1088 589 1156 649 eiua

149 669 382 747 demonstraret,
406 671 438 731 id
458 670 541 749 quod
562 687 600 729 eo
621 667 740 732 facilins
761 671 920 748 suscipere
940 673 1052 749 potuit,
1074 673 1155 752 quod
1254 666 1258 675 ’

149 756 208 817 albi
228 757 350 835 penitus
370 761 565 836 persuaserat
595 755 655 820 vim
676 762 874 832 naturamque
892 755 1012 817 virtutis
1034 776 1154 821 omnem

148 840 181 907 ira
207 842 334 907 scientio
360 843 525 923 repositam
555 857 640 914 esse,
661 838 741 907 he.
762 840 792 899 in
814 841 886 901 boni
907 846 939 902 et
958 840 1081 904 honesti
1101 861 1155 903 co«

148 926 284 1005 guitione
303 946 372 990 cum
392 934 476 989 certa
496 925 592 987 oflicii
620 924 803 986 conscientia
824 926 973 1005 copulata.
1014 927 1091 992 Nam
1111 930 1156 991 ita

149 1030 239 1090 quum
261 1014 405 1088 sentiret
425 1012 463 1077 od
484 1030 588 1071 ranam
608 1011 699 1071 istam
719 1011 919 1091 detegendam
941 1012 1061 1075 virtutis
1083 1033 1155 1094 spes

148 1097 226 1157 ciem
266 1094 428 1178 plurimum.
477 1096 578 1162 valere
619 1096 807 1166 dialecticam
847 1096 940 1167 facile
982 1099 1156 1168 existimare

148 1182 257 1262 potuit·

153 1268 155 1273 ’
232 1269 334 1347 Atque
360 1268 451 1331 huius
481 1287 518 1330 ex
544 1267 702 1348 disciplina
732 1266 891 1349 proiectus
913 1267 1000 1331 Plato
1028 1269 1155 1334 eandem

148 1359 350 1433 persequutus
372 1361 421 1415 est
441 1355 529 1428 viam,
549 1355 628 1415 odeo
650 1359 685 1414 ut
697 1354 768 1414 hinc
782 1357 908 1415 maxime
921 1356 1156 1438 philosophandi

148 1440 265 1500 initium
286 1437 401 1500 fecisse
426 1440 574 1499 rideatur.
602 1436 691 1500 Nam
713 1457 804 1516 quum
825 1440 887 1500 et
876 1458 946 1519 rpse
966 1459 1022 1541 pro
1043 1443 1156 1520 ingenii

147 1524 196 1585 sui
222 1524 360 1583 acumine
384 1525 546 1594 venitatem
574 1542 610 1584 ac
634 1525 867 1601 perversitatem
902 1525 1074 1605 opinionum
1103 1547 1154 1587 so-

146 1609 345 1690 phisticarum
371 1610 579 1688 perspiceret,
614 1626 652 1668 en
683 1627 742 1686 quo
773 1615 914 1688 tempore
942 1610 1084 1701 philosop
1084 1611 1158 1673 biae·

148 1695 235 1773 quasi
255 1694 425 1757 tiroeinium
447 1695 559 1776 posuit,
579 1693 654 1754 nihil
676 1695 734 1754 sibi
748 1696 913 1769 studiosius
926 1698 1042 1775 putavit
1062 1696 1155 1777 agea·

147 1781 219 1841 dum
247 1796 334 1854 esse,
361 1797 448 1859 quam
474 1785 509 1840 ut
530 1778 734 1859 sophistarum
764 1782 913 1842 rationem
939 1782 1062 1861 scriptis
1089 1784 1154 1844 suia

146 1866 324 1946 exagitaret,
347 1870 389 1941 et,
410 1872 523 1945 qrnnto
545 1865 757 1943 praestabilior
783 1874 867 1926 esset
888 1866 1042 1928 Socratica
1062 1868 1154 1929 disci-

124 1990 127 1995 -
147 1951 238 2032 plina,
261 1967 299 2011 eo
320 1950 411 2012 modo
432 1949 575 2024 doceret,
595 1951 771 2013 utiliorum
792 1952 911 2012 inscitia
933 1958 967 2012 et
986 1953 1155 2033 ignorentia

147 2038 355 2117 detegeretur.
397 2036 496 2114 Quum
518 2037 599 2096 enim
618 2036 689 2114 ipse
707 2041 780 2097 tunc
806 2036 925 2118 quidem
947 2040 1084 2120 magistri
1104 2059 1154 2100 aeq

147 2128 258 2202 qnutua
278 2122 459 2182 sententiam
474 2123 621 2183 uirtutem
649 2122 832 2183 inscientia
863 2123 994 2202 positam
1019 2130 1154 2204 putaret,

148 2211 288 2287 quantum
308 2207 355 2269 illi
376 2207 414 2269 ab
435 2207 494 2269 bac
521 2207 647 2269 scientia
668 2207 813 2269 abessent
832 2226 870 2267 eo
891 2208 1018 2269 maxime
1039 2211 1154 2287 docuit,

148 2294 228 2371 quod
256 2311 311 2356 eor
339 2292 505 2355 identidem
532 2291 668 2354 ostendIt
694 2312 712 2353 a
739 2310 812 2353 uera
839 2292 997 2353 dialectica
1023 2296 1155 2359 mrdtum

97 2424 101 2431 .
146 2378 328 2454 abhorrere,
356 2380 477 2440 virtutis
505 2379 641 2441 notitiam
666 2377 782 2439 babere
807 2378 949 2455 nudam„-¹
963 2396 1076 2458 genera
1096 2400 1154 2444 nov

97 2452 100 2489 ²
145 2463 262 2525 tionum
283 2470 374 2543 atque
394 2469 500 2542 partes
520 2463 654 2542 pessime
674 2463 754 2522 inter
776 2481 811 2522 se
833 2462 1040 2539 confundere,
1067 2466 1153 2526 deul,

145 2566 207 2626 que
226 2549 358 2608 miscere
380 2547 477 2607 omnia
502 2555 593 2627 atque
614 2546 782 2607 miserrime
804 2547 992 2607 conturbare.
1035 2549 1154 2611 Distin-

144 2635 192 2694 xit
212 2638 314 2693 auteur
327 2631 530 2712 philosophus
549 2633 608 2692 iam
629 2637 747 2692 mature
763 2634 862 2694 varios
884 2649 919 2692 ac
935 2632 1070 2696 diversos
1091 2638 1155 2696 alr-

145 2718 225 2779 tutis
245 2719 330 2795 quasi
351 2718 472 2796 gradus,
494 2718 597 2797 prouti
619 2735 655 2777 ea
676 2715 715 2777 ad
736 2719 880 2779 scientiae
900 2722 1097 2781 constantiam
1120 2726 1154 2783 et

144 2803 389 2882 aequabilitatem
416 2802 464 2863 rel
492 2804 619 2883 propias
653 2804 816 2865 accederet
849 2802 898 2873 ‚rel
934 2804 1052 2883 longius
1081 2807 1154 2868 inde

144 2889 276 2955 abesset.
318 2888 395 2950 Nam
424 2888 499 2948 alios
527 2888 645 2949 censuit
669 2890 831 2949 temerario
860 2888 987 2967 quodam
1018 2910 1091 2953 caru
1122 2901 1156 2969 et

144 2991 237 3034 coeca
258 2972 492 3047 consuetudine,
520 2990 596 3051 quae
622 2974 747 3034 rationis
773 2974 885 3035 lumine
906 2980 1042 3052 careret,
1071 2978 1153 3044 bene

144 3059 335 3138 honesteque
356 3077 465 3136 agere3
486 3058 562 3119 alios
582 3059 658 3119 sidit
679 3060 777 3119 divina
798 3058 956 3143 quadam
944 3063 1063 3139 mgenii
1082 3062 1155 3124 feli

145 3145 240 3205 citate
267 3143 304 3204 ad
334 3145 445 3206 bonum
472 3151 651 3223 rectumque
677 3143 770 3217 ferri,
799 3145 907 3222 quibus
937 3147 1059 3223 quidem
1079 3148 1164 3229 esre

144 3229 251 3312 μοίρᾳ
270 3230 412 3290 victutem
434 3229 595 3308 obtingere
615 3229 778 3291 arbitratus
799 3235 848 3290 est
859 3225 903 3310 );
924 3231 1012 3293 alios
1023 3234 1154 3310 denique

144 3316 288 3376 iudicavit
311 3315 354 3375 ita
383 3316 463 3377 bene
484 3315 586 3377 faeere
606 3315 797 3392 honesteque
816 3316 934 3391 vivere,
954 3323 991 3376 nt
1012 3320 1153 3378 oonsilio-.-
1231 3342 1235 3351 ¹

144 3419 211 3462 rum
233 3400 443 3479 factorumque
470 3419 594 3461 suorum
614 3403 763 3462 rationem
784 3401 970 3480 exploratam
994 3403 1153 3466 baberent.

144 3484 189 3547 lut
216 3488 319 3567 priora
348 3488 470 3565 quidem
496 3485 775 3566 virtutis-genera,
808 3506 884 3565 quae
913 3485 962 3545 vel
984 3506 1002 3545 a
1023 3508 1095 3549 casu
1121 3496 1155 3551 et

145 3657 348 3732 sisterentur,
376 3658 467 3718 etiam
493 3658 654 3736 imperitae
681 3655 864 3718 multitudini
892 3662 925 3716 et
943 3656 1154 3720 homiuibusa

145 3741 340 3823 philosophia
360 3742 465 3811 alienis
487 3743 655 3809 concessitr
684 3745 810 3806 tertium
823 3747 923 3805 autem
944 3762 1050 3825 genus,
1070 3746 1154 3825 quud

148 3925 344 3939 m

124 4027 205 4095 “’)
230 4027 296 4081 Nam
320 4027 357 4079 ite
380 4027 442 4079 illud
463 4030 529 4095 erlo
551 4030 632 4102 μιιρᾳ
654 4029 845 4099 intelligendum
871 4045 930 4097 esee
958 4032 1001 4085 vel
1023 4046 1087 4089 unns
1108 4032 1152 4093 ille

233 4096 312 4155 daret
327 4099 400 4156 loom
416 4097 499 4166 Legg
518 4100 537 4154 1.
557 4119 584 4169 p
603 4106 662 4159 err
680 4100 712 4153 c.
