<?xml version="1.0" encoding="UTF-8"?>
<!DOCTYPE html PUBLIC "-//W3C//DTD XHTML 1.0 Transitional//EN"
    "http://www.w3.org/TR/xhtml1/DTD/xhtml1-transitional.dtd">
<html xmlns="http://www.w3.org/1999/xhtml" xml:lang="en" lang="en">
 <head>
  <title>
</title>
<meta http-equiv="Content-Type" content="text/html;charset=utf-8" />
  <meta name='ocr-system' content='tesseract 3.04.00' />
  <meta name='ocr-capabilities' content='ocr_page ocr_carea ocr_par ocr_line ocrx_word'/>
</head>
<body>
  <div class='ocr_page' id='page_1' title='image "./platonisoperaom01stalgoog_0036.png"; bbox 0 0 2550 4598; ppageno 0'>
   <div class='ocr_carea' id='block_1_1' title="bbox 441 229 1178 297">
    <p class='ocr_par' dir='ltr' id='par_1_1' title="bbox 441 229 1178 297">
     <span class='ocr_line' id='line_1_1' title="bbox 441 229 1178 297; baseline 0.001 -1"><span class='ocrx_word' id='word_1_1' title='bbox 441 229 817 296; x_wconf 70' lang='lat' dir='ltr'><strong>Arecomicorum.</strong></span> <span class='ocrx_word' id='word_1_2' title='bbox 1091 233 1134 297; x_wconf 79' lang='lat'><strong>21</strong></span> <span class='ocrx_word' id='word_1_3' title='bbox 1175 234 1178 242; x_wconf 87' lang='lat'>&#39;</span> 
     </span>
    </p>
   </div>
   <div class='ocr_carea' id='block_1_2' title="bbox 126 400 1203 656">
    <p class='ocr_par' dir='ltr' id='par_1_2' title="bbox 126 400 1203 656">
     <span class='ocr_line' id='line_1_2' title="bbox 126 400 1136 485; baseline 0.002 -19"><span class='ocrx_word' id='word_1_4' title='bbox 126 405 262 466; x_wconf 84' lang='lat' dir='ltr'><strong>iustitiae</strong></span> <span class='ocrx_word' id='word_1_5' title='bbox 283 406 317 466; x_wconf 92' lang='lat' dir='ltr'><strong>et</strong></span> <span class='ocrx_word' id='word_1_6' title='bbox 339 401 466 485; x_wconf 89' lang='lat' dir='ltr'><strong>pudoris</strong></span> <span class='ocrx_word' id='word_1_7' title='bbox 486 404 653 484; x_wconf 76' lang='lat' dir='ltr'><strong>participes</strong></span> <span class='ocrx_word' id='word_1_8' title='bbox 673 401 749 466; x_wconf 82' lang='lat' dir='ltr'><strong>sacti</strong></span> <span class='ocrx_word' id='word_1_9' title='bbox 773 407 860 478; x_wconf 88' lang='lat' dir='ltr'><strong>sunt,</strong></span> <span class='ocrx_word' id='word_1_10' title='bbox 887 400 1053 466; x_wconf 85' lang='lat' dir='ltr'><strong>mirandum</strong></span> <span class='ocrx_word' id='word_1_11' title='bbox 1074 422 1136 468; x_wconf 89' lang='lat' dir='ltr'><strong>nou</strong></span> 
     </span>
     <span class='ocr_line' id='line_1_3' title="bbox 128 490 1138 578; baseline 0.002 -27"><span class='ocrx_word' id='word_1_12' title='bbox 128 497 195 566; x_wconf 85' lang='lat' dir='ltr'><strong>est,</strong></span> <span class='ocrx_word' id='word_1_13' title='bbox 218 491 304 578; x_wconf 68' lang='lat' dir='ltr'><strong>pund</strong></span> <span class='ocrx_word' id='word_1_14' title='bbox 332 491 364 551; x_wconf 89' lang='lat' dir='ltr'><strong>in</strong></span> <span class='ocrx_word' id='word_1_15' title='bbox 392 490 577 571; x_wconf 87' lang='lat' dir='ltr'><strong>publicarum</strong></span> <span class='ocrx_word' id='word_1_16' title='bbox 608 509 712 551; x_wconf 88' lang='lat' dir='ltr'><strong>rerum</strong></span> <span class='ocrx_word' id='word_1_17' title='bbox 739 490 1026 555; x_wconf 66' lang='lat' dir='ltr'><strong>deliberationibus,</strong></span> <span class='ocrx_word' id='word_1_18' title='bbox 1042 492 1138 553; x_wconf 83' lang='lat' dir='ltr'><strong>cuivis</strong></span> 
     </span>
     <span class='ocr_line' id='line_1_4' title="bbox 127 574 1203 656; baseline -0.003 -17"><span class='ocrx_word' id='word_1_19' title='bbox 127 578 297 639; x_wconf 84' lang='lat' dir='ltr'><strong>sententiae</strong></span> <span class='ocrx_word' id='word_1_20' title='bbox 328 595 402 639; x_wconf 84' lang='lat' dir='ltr'><strong>sune</strong></span> <span class='ocrx_word' id='word_1_21' title='bbox 430 575 550 656; x_wconf 86' lang='lat' dir='ltr'><strong>publice</strong></span> <span class='ocrx_word' id='word_1_22' title='bbox 579 574 723 637; x_wconf 78' lang='lat' dir='ltr'><strong>dicendae</strong></span> <span class='ocrx_word' id='word_1_23' title='bbox 746 581 894 655; x_wconf 80' lang='lat' dir='ltr'><strong>potestas</strong></span> <span class='ocrx_word' id='word_1_24' title='bbox 922 576 1022 639; x_wconf 87' lang='lat' dir='ltr'><strong>datur.</strong></span> <span class='ocrx_word' id='word_1_25' title='bbox 1073 574 1136 637; x_wconf 89' lang='lat' dir='ltr'><strong>Sed</strong></span> <span class='ocrx_word' id='word_1_26' title='bbox 1200 640 1203 647; x_wconf 64' lang='grc'>,</span> 
     </span>
    </p>
   </div>
   <div class='ocr_carea' id='block_1_3' title="bbox 127 659 1259 743">
    <p class='ocr_par' dir='ltr' id='par_1_3' title="bbox 127 659 1259 743">
     <span class='ocr_line' id='line_1_5' title="bbox 127 659 1259 743; baseline 0 -22"><span class='ocrx_word' id='word_1_27' title='bbox 127 680 219 740; x_wconf 86' lang='lat' dir='ltr'><strong>quum</strong></span> <span class='ocrx_word' id='word_1_28' title='bbox 247 679 354 728; x_wconf 85' lang='lat' dir='ltr'><strong>omnes</strong></span> <span class='ocrx_word' id='word_1_29' title='bbox 382 660 516 721; x_wconf 80' lang='lat' dir='ltr'><strong>iustitiae</strong></span> <span class='ocrx_word' id='word_1_30' title='bbox 547 666 580 720; x_wconf 86' lang='lat' dir='ltr'><strong>et</strong></span> <span class='ocrx_word' id='word_1_31' title='bbox 607 660 731 743; x_wconf 82' lang='lat' dir='ltr'><strong>pudoris</strong></span> <span class='ocrx_word' id='word_1_32' title='bbox 753 679 878 728; x_wconf 76' lang='lat' dir='ltr'><strong>minnere</strong></span> <span class='ocrx_word' id='word_1_33' title='bbox 898 659 1056 736; x_wconf 79' lang='lat' dir='ltr'><strong>fruantur,</strong></span> <span class='ocrx_word' id='word_1_34' title='bbox 1086 668 1136 721; x_wconf 87' lang='lat' dir='ltr'><strong>ta·</strong></span> <span class='ocrx_word' id='word_1_35' title='bbox 1257 664 1259 673; x_wconf 91' lang='lat'>&#39;</span> 
     </span>
    </p>
   </div>
   <div class='ocr_carea' id='block_1_4' title="bbox 127 746 1137 996">
    <p class='ocr_par' dir='ltr' id='par_1_4' title="bbox 127 746 1137 996">
     <span class='ocr_line' id='line_1_6' title="bbox 127 746 1135 809; baseline 0 -1"><span class='ocrx_word' id='word_1_36' title='bbox 127 766 197 809; x_wconf 90' lang='lat' dir='ltr'><strong>men</strong></span> <span class='ocrx_word' id='word_1_37' title='bbox 225 746 363 806; x_wconf 89' lang='lat' dir='ltr'><strong>homines</strong></span> <span class='ocrx_word' id='word_1_38' title='bbox 392 746 534 806; x_wconf 87' lang='lat' dir='ltr'><strong>virtutem</strong></span> <span class='ocrx_word' id='word_1_39' title='bbox 563 763 624 808; x_wconf 87' lang='lat' dir='ltr'><strong>non</strong></span> <span class='ocrx_word' id='word_1_40' title='bbox 651 764 722 805; x_wconf 85' lang='lat' dir='ltr'><strong>casu</strong></span> <span class='ocrx_word' id='word_1_41' title='bbox 743 752 776 806; x_wconf 91' lang='lat' dir='ltr'><strong>et</strong></span> <span class='ocrx_word' id='word_1_42' title='bbox 798 747 917 809; x_wconf 88' lang='lat' dir='ltr'><strong>fortuna</strong></span> <span class='ocrx_word' id='word_1_43' title='bbox 938 746 996 806; x_wconf 90' lang='lat' dir='ltr'><strong>sibi</strong></span> <span class='ocrx_word' id='word_1_44' title='bbox 1017 748 1135 807; x_wconf 86' lang='lat' dir='ltr'><strong>contin·-</strong></span> 
     </span>
     <span class='ocr_line' id='line_1_7' title="bbox 128 830 1136 912; baseline -0.001 -19"><span class='ocrx_word' id='word_1_45' title='bbox 128 850 221 912; x_wconf 82' lang='lat' dir='ltr'><strong>gere,</strong></span> <span class='ocrx_word' id='word_1_46' title='bbox 250 833 307 898; x_wconf 85' lang='lat' dir='ltr'><strong>sed</strong></span> <span class='ocrx_word' id='word_1_47' title='bbox 332 830 538 906; x_wconf 83' lang='lat' dir='ltr'><strong>institutione,</strong></span> <span class='ocrx_word' id='word_1_48' title='bbox 557 830 742 912; x_wconf 84' lang='lat' dir='ltr'><strong>discipline,</strong></span> <span class='ocrx_word' id='word_1_49' title='bbox 771 832 985 901; x_wconf 71' lang='lat' dir='ltr'><strong>exercitatione</strong></span> <span class='ocrx_word' id='word_1_50' title='bbox 1013 850 1136 912; x_wconf 85' lang='lat' dir='ltr'><strong>compe-</strong></span> 
     </span>
     <span class='ocr_line' id='line_1_8' title="bbox 127 916 1137 996; baseline 0.001 -19"><span class='ocrx_word' id='word_1_51' title='bbox 127 919 252 977; x_wconf 83' lang='lat' dir='ltr'><strong>rendem</strong></span> <span class='ocrx_word' id='word_1_52' title='bbox 273 936 349 983; x_wconf 84' lang='lat' dir='ltr'><strong>esse</strong></span> <span class='ocrx_word' id='word_1_53' title='bbox 374 916 579 992; x_wconf 81' lang='lat' dir='ltr'><strong>arbitrantur,</strong></span> <span class='ocrx_word' id='word_1_54' title='bbox 609 924 644 988; x_wconf 89' lang='lat' dir='ltr'><strong>ut</strong></span> <span class='ocrx_word' id='word_1_55' title='bbox 672 916 759 996; x_wconf 90' lang='lat' dir='ltr'><strong>piane</strong></span> <span class='ocrx_word' id='word_1_56' title='bbox 791 935 910 976; x_wconf 88' lang='lat' dir='ltr'><strong>mecum</strong></span> <span class='ocrx_word' id='word_1_57' title='bbox 938 918 1137 985; x_wconf 84' lang='lat' dir='ltr'><strong>consentiant.</strong></span> 
     </span>
    </p>
   </div>
   <div class='ocr_carea' id='block_1_5' title="bbox 128 997 1238 1089">
    <p class='ocr_par' dir='ltr' id='par_1_5' title="bbox 128 997 1238 1089">
     <span class='ocr_line' id='line_1_9' title="bbox 128 997 1238 1089; baseline 0.004 -28"><span class='ocrx_word' id='word_1_58' title='bbox 128 1001 250 1062; x_wconf 77' lang='lat' dir='ltr'><strong>Etenim</strong></span> <span class='ocrx_word' id='word_1_59' title='bbox 273 1003 324 1080; x_wconf 84' lang='lat' dir='ltr'><strong>qui</strong></span> <span class='ocrx_word' id='word_1_60' title='bbox 343 1006 467 1063; x_wconf 76' lang='lat' dir='ltr'><strong>naturae</strong></span> <span class='ocrx_word' id='word_1_61' title='bbox 489 1001 579 1082; x_wconf 82' lang='lat' dir='ltr'><strong>culpe·</strong></span> <span class='ocrx_word' id='word_1_62' title='bbox 597 1003 628 1065; x_wconf 90' lang='lat' dir='ltr'><strong>iu</strong></span> <span class='ocrx_word' id='word_1_63' title='bbox 649 1021 684 1063; x_wconf 88' lang='lat' dir='ltr'><strong>se</strong></span> <span class='ocrx_word' id='word_1_64' title='bbox 704 1001 797 1062; x_wconf 85' lang='lat' dir='ltr'><strong>habet</strong></span> <span class='ocrx_word' id='word_1_65' title='bbox 818 1001 1045 1079; x_wconf 83' lang='lat' dir='ltr'><strong>turpitudinem,</strong></span> <span class='ocrx_word' id='word_1_66' title='bbox 1066 1020 1136 1089; x_wconf 73' lang='lat' dir='ltr'><strong>eum</strong></span> <span class='ocrx_word' id='word_1_67' title='bbox 1235 997 1238 1002; x_wconf 68' lang='grc'>’</span> 
     </span>
    </p>
   </div>
   <div class='ocr_carea' id='block_1_6' title="bbox 77 1086 1138 1593">
    <p class='ocr_par' dir='ltr' id='par_1_6' title="bbox 77 1086 1138 1593">
     <span class='ocr_line' id='line_1_10' title="bbox 128 1086 1136 1166; baseline 0.002 -20"><span class='ocrx_word' id='word_1_68' title='bbox 128 1092 245 1153; x_wconf 88' lang='lat' dir='ltr'><strong>tantum</strong></span> <span class='ocrx_word' id='word_1_69' title='bbox 263 1089 353 1149; x_wconf 51' lang='lat' dir='ltr'><strong>¹obest</strong></span> <span class='ocrx_word' id='word_1_70' title='bbox 382 1092 417 1147; x_wconf 87' lang='lat' dir='ltr'><strong>ut</strong></span> <span class='ocrx_word' id='word_1_71' title='bbox 438 1088 579 1166; x_wconf 83' lang='lat' dir='ltr'><strong>punient,</strong></span> <span class='ocrx_word' id='word_1_72' title='bbox 605 1093 640 1147; x_wconf 92' lang='lat' dir='ltr'><strong>ut</strong></span> <span class='ocrx_word' id='word_1_73' title='bbox 668 1105 771 1147; x_wconf 88' lang='lat' dir='ltr'><strong>omues</strong></span> <span class='ocrx_word' id='word_1_74' title='bbox 793 1088 861 1148; x_wconf 89' lang='lat' dir='ltr'><strong>talis</strong></span> <span class='ocrx_word' id='word_1_75' title='bbox 884 1086 1024 1155; x_wconf 80' lang='lat' dir='ltr'><strong>fortunae</strong></span> <span class='ocrx_word' id='word_1_76' title='bbox 1044 1089 1136 1154; x_wconf 83' lang='lat' dir='ltr'><strong>mise·-</strong></span> 
     </span>
     <span class='ocr_line' id='line_1_11' title="bbox 127 1171 1137 1252; baseline 0.002 -20"><span class='ocrx_word' id='word_1_77' title='bbox 127 1179 214 1248; x_wconf 86' lang='lat' dir='ltr'><strong>rest;</strong></span> <span class='ocrx_word' id='word_1_78' title='bbox 240 1173 268 1236; x_wconf 89' lang='lat' dir='ltr'><strong>si</strong></span> <span class='ocrx_word' id='word_1_79' title='bbox 294 1172 361 1251; x_wconf 89' lang='lat' dir='ltr'><strong>quis</strong></span> <span class='ocrx_word' id='word_1_80' title='bbox 387 1179 488 1236; x_wconf 74' lang='lat' dir='ltr'><strong>eutem</strong></span> <span class='ocrx_word' id='word_1_81' title='bbox 514 1173 594 1237; x_wconf 78' lang='lat' dir='ltr'><strong>vitiis</strong></span> <span class='ocrx_word' id='word_1_82' title='bbox 621 1171 756 1246; x_wconf 79' lang='lat' dir='ltr'><strong>laborat,</strong></span> <span class='ocrx_word' id='word_1_83' title='bbox 789 1192 864 1252; x_wconf 85' lang='lat' dir='ltr'><strong>qoee</strong></span> <span class='ocrx_word' id='word_1_84' title='bbox 885 1192 903 1239; x_wconf 83' lang='lat' dir='ltr'><strong>e</strong></span> <span class='ocrx_word' id='word_1_85' title='bbox 924 1172 1063 1242; x_wconf 85' lang='lat' dir='ltr'><strong>socordia</strong></span> <span class='ocrx_word' id='word_1_86' title='bbox 1084 1179 1137 1234; x_wconf 81' lang='lat' dir='ltr'><strong>unt</strong></span> 
     </span>
     <span class='ocr_line' id='line_1_12' title="bbox 127 1258 1137 1339; baseline -0.001 -20"><span class='ocrx_word' id='word_1_87' title='bbox 127 1258 236 1319; x_wconf 83' lang='lat' dir='ltr'><strong>inertie</strong></span> <span class='ocrx_word' id='word_1_88' title='bbox 256 1258 506 1335; x_wconf 77' lang='lat' dir='ltr'><strong>proficiscuntur,</strong></span> <span class='ocrx_word' id='word_1_89' title='bbox 540 1270 608 1318; x_wconf 89' lang='lat' dir='ltr'><strong>enm</strong></span> <span class='ocrx_word' id='word_1_90' title='bbox 628 1276 703 1324; x_wconf 79' lang='lat' dir='ltr'><strong>vero</strong></span> <span class='ocrx_word' id='word_1_91' title='bbox 725 1260 872 1335; x_wconf 80' lang='lat' dir='ltr'><strong>castigant</strong></span> <span class='ocrx_word' id='word_1_92' title='bbox 898 1276 933 1318; x_wconf 85' lang='lat' dir='ltr'><strong>sc</strong></span> <span class='ocrx_word' id='word_1_93' title='bbox 952 1259 1137 1339; x_wconf 81' lang='lat' dir='ltr'><strong>gravissimis</strong></span> 
     </span>
     <span class='ocr_line' id='line_1_13' title="bbox 77 1342 1138 1423; baseline 0.004 -22"><span class='ocrx_word' id='word_1_94' title='bbox 77 1394 79 1401; x_wconf 92' lang='lat'>.</span> <span class='ocrx_word' id='word_1_95' title='bbox 128 1344 236 1423; x_wconf 87' lang='lat' dir='ltr'><strong>poeuis</strong></span> <span class='ocrx_word' id='word_1_96' title='bbox 258 1342 413 1415; x_wconf 77' lang='lat' dir='ltr'><strong>efficiunt,</strong></span> <span class='ocrx_word' id='word_1_97' title='bbox 434 1343 527 1421; x_wconf 85' lang='lat' dir='ltr'><strong>idque</strong></span> <span class='ocrx_word' id='word_1_98' title='bbox 547 1361 607 1407; x_wconf 90' lang='lat' dir='ltr'><strong>non</strong></span> <span class='ocrx_word' id='word_1_99' title='bbox 628 1344 687 1404; x_wconf 85' lang='lat' dir='ltr'><strong>alio</strong></span> <span class='ocrx_word' id='word_1_100' title='bbox 708 1344 850 1416; x_wconf 87' lang='lat' dir='ltr'><strong>oonsilio,</strong></span> <span class='ocrx_word' id='word_1_101' title='bbox 876 1344 932 1409; x_wconf 86' lang='lat' dir='ltr'><strong>nisi</strong></span> <span class='ocrx_word' id='word_1_102' title='bbox 953 1350 988 1404; x_wconf 90' lang='lat' dir='ltr'><strong>ut</strong></span> <span class='ocrx_word' id='word_1_103' title='bbox 1008 1343 1138 1405; x_wconf 80' lang='lat' dir='ltr'><strong>malefici</strong></span> 
     </span>
     <span class='ocr_line' id='line_1_14' title="bbox 127 1425 1137 1509; baseline 0.001 -22"><span class='ocrx_word' id='word_1_104' title='bbox 127 1429 166 1493; x_wconf 88' lang='lat' dir='ltr'><strong>ad</strong></span> <span class='ocrx_word' id='word_1_105' title='bbox 188 1430 296 1489; x_wconf 86' lang='lat' dir='ltr'><strong>bonam</strong></span> <span class='ocrx_word' id='word_1_106' title='bbox 317 1427 438 1509; x_wconf 73' lang='lat' dir='ltr'><strong>frugem</strong></span> <span class='ocrx_word' id='word_1_107' title='bbox 458 1432 655 1502; x_wconf 81' lang='lat' dir='ltr'><strong>revocentur,</strong></span> <span class='ocrx_word' id='word_1_108' title='bbox 684 1425 785 1493; x_wconf 87' lang='lat' dir='ltr'><strong>ceteri</strong></span> <span class='ocrx_word' id='word_1_109' title='bbox 805 1433 904 1493; x_wconf 86' lang='lat' dir='ltr'><strong>autem</strong></span> <span class='ocrx_word' id='word_1_110' title='bbox 925 1427 964 1487; x_wconf 90' lang='lat' dir='ltr'><strong>de</strong></span> <span class='ocrx_word' id='word_1_111' title='bbox 985 1428 1066 1496; x_wconf 72' lang='lat' dir='ltr'><strong>vitiis</strong></span> <span class='ocrx_word' id='word_1_112' title='bbox 1087 1427 1137 1488; x_wconf 84' lang='lat' dir='ltr'><strong>fu-</strong></span> 
     </span>
     <span class='ocr_line' id='line_1_15' title="bbox 128 1511 1137 1593; baseline -0.001 -20"><span class='ocrx_word' id='word_1_113' title='bbox 128 1514 247 1592; x_wconf 77' lang='lat' dir='ltr'><strong>giendis</strong></span> <span class='ocrx_word' id='word_1_114' title='bbox 268 1514 494 1593; x_wconf 72' lang='lat' dir='ltr'><strong>admoneantur.</strong></span> <span class='ocrx_word' id='word_1_115' title='bbox 535 1511 642 1592; x_wconf 83' lang='lat' dir='ltr'><strong>Neque</strong></span> <span class='ocrx_word' id='word_1_116' title='bbox 661 1512 754 1586; x_wconf 87' lang='lat' dir='ltr'><strong>illud,</strong></span> <span class='ocrx_word' id='word_1_117' title='bbox 784 1514 865 1590; x_wconf 87' lang='lat' dir='ltr'><strong>quod</strong></span> <span class='ocrx_word' id='word_1_118' title='bbox 885 1511 929 1575; x_wconf 87' lang='lat' dir='ltr'><strong>de</strong></span> <span class='ocrx_word' id='word_1_119' title='bbox 943 1511 1014 1579; x_wconf 85' lang='lat' dir='ltr'><strong>fillis</strong></span> <span class='ocrx_word' id='word_1_120' title='bbox 1030 1512 1137 1572; x_wconf 57' lang='lat' dir='ltr'><strong>›clero-</strong></span> 
     </span>
    </p>
   </div>
   <div class='ocr_carea' id='block_1_7' title="bbox 127 1594 1237 1672">
    <p class='ocr_par' dir='ltr' id='par_1_7' title="bbox 127 1594 1237 1672">
     <span class='ocr_line' id='line_1_16' title="bbox 127 1594 1237 1672; baseline -0.009 -13"><span class='ocrx_word' id='word_1_121' title='bbox 127 1618 198 1660; x_wconf 87' lang='lat' dir='ltr'><strong>rnm</strong></span> <span class='ocrx_word' id='word_1_122' title='bbox 225 1599 258 1658; x_wconf 80' lang='lat' dir='ltr'><strong>et</strong></span> <span class='ocrx_word' id='word_1_123' title='bbox 286 1594 500 1661; x_wconf 73' lang='lat' dir='ltr'><strong>excellentium</strong></span> <span class='ocrx_word' id='word_1_124' title='bbox 521 1597 656 1658; x_wconf 72' lang='lat' dir='ltr'><strong>&#39;virorum</strong></span> <span class='ocrx_word' id='word_1_125' title='bbox 679 1598 790 1658; x_wconf 89' lang='lat' dir='ltr'><strong>dictum</strong></span> <span class='ocrx_word' id='word_1_126' title='bbox 813 1603 877 1672; x_wconf 85' lang='lat' dir='ltr'><strong>est,</strong></span> <span class='ocrx_word' id='word_1_127' title='bbox 898 1596 960 1655; x_wconf 90' lang='lat' dir='ltr'><strong>ullo</strong></span> <span class='ocrx_word' id='word_1_128' title='bbox 981 1598 1072 1665; x_wconf 86' lang='lat' dir='ltr'><strong>modo</strong></span> <span class='ocrx_word' id='word_1_129' title='bbox 1093 1596 1137 1657; x_wconf 87' lang='lat' dir='ltr'><strong>ri·</strong></span> <span class='ocrx_word' id='word_1_130' title='bbox 1226 1630 1237 1649; x_wconf 55' lang='grc' dir='ltr'>ι</span> 
     </span>
    </p>
   </div>
   <div class='ocr_carea' id='block_1_8' title="bbox 84 1681 1226 3383">
    <p class='ocr_par' dir='ltr' id='par_1_8' title="bbox 84 1681 1226 3383">
     <span class='ocr_line' id='line_1_17' title="bbox 128 1681 1138 1761; baseline 0 -18"><span class='ocrx_word' id='word_1_131' title='bbox 128 1684 222 1743; x_wconf 81' lang='lat' dir='ltr'><strong>detur</strong></span> <span class='ocrx_word' id='word_1_132' title='bbox 249 1684 458 1746; x_wconf 75' lang='lat' dir='ltr'><strong>demonstrare</strong></span> <span class='ocrx_word' id='word_1_133' title='bbox 485 1682 627 1761; x_wconf 77' lang='lat' dir='ltr'><strong>uirtutem</strong></span> <span class='ocrx_word' id='word_1_134' title='bbox 656 1683 760 1744; x_wconf 88' lang='lat' dir='ltr'><strong>doceri</strong></span> <span class='ocrx_word' id='word_1_135' title='bbox 787 1701 847 1751; x_wconf 85' lang='lat' dir='ltr'><strong>non</strong></span> <span class='ocrx_word' id='word_1_136' title='bbox 871 1700 973 1761; x_wconf 82' lang='lat' dir='ltr'><strong>posse,</strong></span> <span class='ocrx_word' id='word_1_137' title='bbox 1015 1681 1138 1751; x_wconf 77' lang='lat' dir='ltr'><strong>Etenim</strong></span> 
     </span>
     <span class='ocr_line' id='line_1_18' title="bbox 129 1767 1149 1846; baseline 0 -18"><span class='ocrx_word' id='word_1_138' title='bbox 129 1769 280 1829; x_wconf 89' lang='lat' dir='ltr'><strong>communi</strong></span> <span class='ocrx_word' id='word_1_139' title='bbox 300 1767 453 1834; x_wconf 88' lang='lat' dir='ltr'><strong>hominum</strong></span> <span class='ocrx_word' id='word_1_140' title='bbox 469 1768 667 1829; x_wconf 80' lang='lat' dir='ltr'><strong>consensione</strong></span> <span class='ocrx_word' id='word_1_141' title='bbox 683 1769 808 1842; x_wconf 83' lang='lat' dir='ltr'><strong>iustitia,</strong></span> <span class='ocrx_word' id='word_1_142' title='bbox 828 1769 1039 1846; x_wconf 83' lang='lat' dir='ltr'><strong>temperantia,</strong></span> <span class='ocrx_word' id='word_1_143' title='bbox 1061 1767 1149 1834; x_wconf 84' lang='lat' dir='ltr'><strong>cline·</strong></span> 
     </span>
     <span class='ocr_line' id='line_1_19' title="bbox 128 1853 1138 1930; baseline -0.002 -15"><span class='ocrx_word' id='word_1_144' title='bbox 128 1855 276 1928; x_wconf 82' lang='lat' dir='ltr'><strong>virtutes,</strong></span> <span class='ocrx_word' id='word_1_145' title='bbox 304 1853 442 1926; x_wconf 81' lang='lat' dir='ltr'><strong>omnibus</strong></span> <span class='ocrx_word' id='word_1_146' title='bbox 463 1854 577 1914; x_wconf 85' lang='lat' dir='ltr'><strong>civibus</strong></span> <span class='ocrx_word' id='word_1_147' title='bbox 598 1859 661 1914; x_wconf 85' lang='lat' dir='ltr'><strong>tam</strong></span> <span class='ocrx_word' id='word_1_148' title='bbox 681 1855 871 1922; x_wconf 77' lang='lat' dir='ltr'><strong>necessariae</strong></span> <span class='ocrx_word' id='word_1_149' title='bbox 891 1853 1075 1930; x_wconf 83' lang='lat' dir='ltr'><strong>iudicentur,</strong></span> <span class='ocrx_word' id='word_1_150' title='bbox 1103 1858 1138 1913; x_wconf 86' lang='lat' dir='ltr'><strong>ut</strong></span> 
     </span>
     <span class='ocr_line' id='line_1_20' title="bbox 130 1938 1207 2019; baseline -0.004 -19"><span class='ocrx_word' id='word_1_151' title='bbox 130 1940 196 2000; x_wconf 86' lang='lat' dir='ltr'><strong>sine</strong></span> <span class='ocrx_word' id='word_1_152' title='bbox 233 1940 272 1999; x_wconf 86' lang='lat' dir='ltr'><strong>iis</strong></span> <span class='ocrx_word' id='word_1_153' title='bbox 304 1939 479 2019; x_wconf 78' lang='lat' dir='ltr'><strong>respublica</strong></span> <span class='ocrx_word' id='word_1_154' title='bbox 517 1944 602 2000; x_wconf 87' lang='lat' dir='ltr'><strong>stnre</strong></span> <span class='ocrx_word' id='word_1_155' title='bbox 635 1956 728 2018; x_wconf 87' lang='lat' dir='ltr'><strong>posse</strong></span> <span class='ocrx_word' id='word_1_156' title='bbox 761 1938 844 2017; x_wconf 86' lang='lat' dir='ltr'><strong>nullo</strong></span> <span class='ocrx_word' id='word_1_157' title='bbox 874 1945 964 2017; x_wconf 81' lang='lat' dir='ltr'><strong>pacto</strong></span> <span class='ocrx_word' id='word_1_158' title='bbox 992 1938 1137 2004; x_wconf 79' lang='lat' dir='ltr'><strong>ridentur.</strong></span> <span class='ocrx_word' id='word_1_159' title='bbox 1205 1980 1207 1984; x_wconf 60' lang='grc'><em>»</em></span> 
     </span>
     <span class='ocr_line' id='line_1_21' title="bbox 130 2020 1137 2112; baseline -0.002 -28"><span class='ocrx_word' id='word_1_160' title='bbox 130 2025 278 2102; x_wconf 78' lang='lat' dir='ltr'><strong>Quocirca</strong></span> <span class='ocrx_word' id='word_1_161' title='bbox 306 2025 443 2103; x_wconf 83' lang='lat' dir='ltr'><strong>universa</strong></span> <span class='ocrx_word' id='word_1_162' title='bbox 472 2022 629 2097; x_wconf 74' lang='lat' dir='ltr'><strong>currendo,</strong></span> <span class='ocrx_word' id='word_1_163' title='bbox 657 2024 749 2102; x_wconf 82' lang='lat' dir='ltr'><strong>qrru&#39;m</strong></span> <span class='ocrx_word' id='word_1_164' title='bbox 777 2024 894 2112; x_wconf 70' lang='lat' dir='ltr'><strong>private</strong></span> <span class='ocrx_word' id='word_1_165' title='bbox 920 2029 986 2083; x_wconf 86' lang='lat' dir='ltr'><strong>tum</strong></span> <span class='ocrx_word' id='word_1_166' title='bbox 1007 2020 1137 2103; x_wconf 82' lang='lat' dir='ltr'><strong>publice,</strong></span> 
     </span>
     <span class='ocr_line' id='line_1_22' title="bbox 129 2104 1190 2198; baseline 0 -29"><span class='ocrx_word' id='word_1_167' title='bbox 129 2128 167 2169; x_wconf 92' lang='lat' dir='ltr'><strong>eo</strong></span> <span class='ocrx_word' id='word_1_168' title='bbox 190 2115 326 2190; x_wconf 84' lang='lat' dir='ltr'><strong>spectat,</strong></span> <span class='ocrx_word' id='word_1_169' title='bbox 347 2114 383 2169; x_wconf 88' lang='lat' dir='ltr'><strong>ut</strong></span> <span class='ocrx_word' id='word_1_170' title='bbox 403 2104 543 2184; x_wconf 81' lang='lat' dir='ltr'><strong>iuuenes,</strong></span> <span class='ocrx_word' id='word_1_171' title='bbox 567 2115 708 2186; x_wconf 83' lang='lat' dir='ltr'><strong>qnantum</strong></span> <span class='ocrx_word' id='word_1_172' title='bbox 729 2109 797 2169; x_wconf 89' lang='lat' dir='ltr'><strong>lieri</strong></span> <span class='ocrx_word' id='word_1_173' title='bbox 817 2109 932 2198; x_wconf 82' lang='lat' dir='ltr'><strong>possit,</strong></span> <span class='ocrx_word' id='word_1_174' title='bbox 957 2107 995 2176; x_wconf 83' lang='lat' dir='ltr'><strong>cd</strong></span> <span class='ocrx_word' id='word_1_175' title='bbox 1016 2108 1138 2175; x_wconf 71' lang='lat' dir='ltr'><strong>virtutis</strong></span> <span class='ocrx_word' id='word_1_176' title='bbox 1187 2109 1190 2116; x_wconf 84' lang='grc'><strong>’</strong></span> 
     </span>
     <span class='ocr_line' id='line_1_23' title="bbox 84 2190 1139 2271; baseline 0 -17"><span class='ocrx_word' id='word_1_177' title='bbox 84 2211 87 2215; x_wconf 76' lang='grc'><em>’</em></span> <span class='ocrx_word' id='word_1_178' title='bbox 131 2195 378 2255; x_wconf 76' lang='lat' dir='ltr'><strong>exercitationem</strong></span> <span class='ocrx_word' id='word_1_179' title='bbox 407 2193 645 2264; x_wconf 86' lang='lat' dir='ltr'><strong>conformentur.</strong></span> <span class='ocrx_word' id='word_1_180' title='bbox 693 2193 800 2271; x_wconf 82' lang='lat' dir='ltr'><strong>Neque</strong></span> <span class='ocrx_word' id='word_1_181' title='bbox 828 2194 932 2256; x_wconf 88' lang='lat' dir='ltr'><strong>dicere</strong></span> <span class='ocrx_word' id='word_1_182' title='bbox 957 2199 1043 2254; x_wconf 88' lang='lat' dir='ltr'><strong>recte</strong></span> <span class='ocrx_word' id='word_1_183' title='bbox 1058 2190 1139 2255; x_wconf 73' lang='lat' dir='ltr'><strong>&#39;licet</strong></span> 
     </span>
     <span class='ocr_line' id='line_1_24' title="bbox 128 2277 1136 2363; baseline -0.001 -24"><span class='ocrx_word' id='word_1_184' title='bbox 128 2280 188 2341; x_wconf 85' lang='lat' dir='ltr'><strong>hcc</strong></span> <span class='ocrx_word' id='word_1_185' title='bbox 215 2281 333 2363; x_wconf 80' lang='lat' dir='ltr'><strong>cutione</strong></span> <span class='ocrx_word' id='word_1_186' title='bbox 357 2279 433 2341; x_wconf 88' lang='lat' dir='ltr'><strong>nihil</strong></span> <span class='ocrx_word' id='word_1_187' title='bbox 458 2279 575 2358; x_wconf 83' lang='lat' dir='ltr'><strong>profici.</strong></span> <span class='ocrx_word' id='word_1_188' title='bbox 624 2277 688 2339; x_wconf 89' lang='lat' dir='ltr'><strong>imo</strong></span> <span class='ocrx_word' id='word_1_189' title='bbox 714 2298 791 2349; x_wconf 81' lang='lat' dir='ltr'><strong>vero:</strong></span> <span class='ocrx_word' id='word_1_190' title='bbox 806 2298 922 2363; x_wconf 86' lang='lat' dir='ltr'><strong>omnes</strong></span> <span class='ocrx_word' id='word_1_191' title='bbox 949 2278 1136 2358; x_wconf 68' lang='lat' dir='ltr'><strong>aliquetenus</strong></span> 
     </span>
     <span class='ocr_line' id='line_1_25' title="bbox 131 2360 1226 2441; baseline -0.003 -16"><span class='ocrx_word' id='word_1_192' title='bbox 131 2370 216 2425; x_wconf 86' lang='lat' dir='ltr'><strong>certe</strong></span> <span class='ocrx_word' id='word_1_193' title='bbox 237 2363 274 2424; x_wconf 88' lang='lat' dir='ltr'><strong>cd</strong></span> <span class='ocrx_word' id='word_1_194' title='bbox 294 2365 415 2438; x_wconf 72' lang='lat' dir='ltr'><strong>vimmo</strong></span> <span class='ocrx_word' id='word_1_195' title='bbox 445 2360 593 2433; x_wconf 81' lang='lat' dir='ltr'><strong>rationem</strong></span> <span class='ocrx_word' id='word_1_196' title='bbox 616 2360 852 2441; x_wconf 76' lang='lat' dir='ltr'><strong>facultatemque</strong></span> <span class='ocrx_word' id='word_1_197' title='bbox 872 2364 1077 2438; x_wconf 85' lang='lat' dir='ltr'><strong>adducuntur,</strong></span> <span class='ocrx_word' id='word_1_198' title='bbox 1104 2363 1137 2423; x_wconf 88' lang='lat' dir='ltr'><strong>id</strong></span> <span class='ocrx_word' id='word_1_199' title='bbox 1216 2386 1226 2436; x_wconf 65' lang='grc' dir='ltr'><strong>χ</strong></span> 
     </span>
     <span class='ocr_line' id='line_1_26' title="bbox 130 2448 1136 2528; baseline -0.004 -18"><span class='ocrx_word' id='word_1_200' title='bbox 130 2448 211 2528; x_wconf 79' lang='lat' dir='ltr'><strong>qaod</strong></span> <span class='ocrx_word' id='word_1_201' title='bbox 233 2450 376 2528; x_wconf 76' lang='lat' dir='ltr'><strong>cognosci</strong></span> <span class='ocrx_word' id='word_1_202' title='bbox 394 2448 487 2510; x_wconf 82' lang='lat' dir='ltr'><strong>facile</strong></span> <span class='ocrx_word' id='word_1_203' title='bbox 507 2451 848 2527; x_wconf 77' lang='lat' dir='ltr'><strong>potest&#39;compscatione</strong></span> <span class='ocrx_word' id='word_1_204' title='bbox 864 2450 988 2515; x_wconf 84' lang='lat' dir='ltr'><strong>rudium</strong></span> <span class='ocrx_word' id='word_1_205' title='bbox 1010 2455 1043 2508; x_wconf 84' lang='lat' dir='ltr'><strong>et</strong></span> <span class='ocrx_word' id='word_1_206' title='bbox 1062 2450 1136 2514; x_wconf 85' lang='lat' dir='ltr'><strong>bar-</strong></span> 
     </span>
     <span class='ocr_line' id='line_1_27' title="bbox 129 2530 1137 2615; baseline -0.003 -20"><span class='ocrx_word' id='word_1_207' title='bbox 129 2536 272 2595; x_wconf 82' lang='lat' dir='ltr'><strong>barorum</strong></span> <span class='ocrx_word' id='word_1_208' title='bbox 292 2533 446 2595; x_wconf 82' lang='lat' dir='ltr'><strong>hominrun</strong></span> <span class='ocrx_word' id='word_1_209' title='bbox 468 2548 537 2597; x_wconf 90' lang='lat' dir='ltr'><strong>cum</strong></span> <span class='ocrx_word' id='word_1_210' title='bbox 563 2530 705 2615; x_wconf 76' lang='lat' dir='ltr'><strong>gentibus</strong></span> <span class='ocrx_word' id='word_1_211' title='bbox 737 2532 864 2591; x_wconf 84' lang='lat' dir='ltr'><strong>eruditis</strong></span> <span class='ocrx_word' id='word_1_212' title='bbox 886 2533 1032 2598; x_wconf 83' lang='lat' dir='ltr'><strong>institute.</strong></span> <span class='ocrx_word' id='word_1_213' title='bbox 1075 2532 1137 2592; x_wconf 82' lang='lat' dir='ltr'><strong>lto-</strong></span> 
     </span>
     <span class='ocr_line' id='line_1_28' title="bbox 132 2615 1156 2698; baseline 0 -20"><span class='ocrx_word' id='word_1_214' title='bbox 132 2638 253 2698; x_wconf 84' lang='lat' dir='ltr'><strong>queue</strong></span> <span class='ocrx_word' id='word_1_215' title='bbox 274 2617 296 2677; x_wconf 92' lang='lat' dir='ltr'><strong>ii</strong></span> <span class='ocrx_word' id='word_1_216' title='bbox 318 2615 455 2696; x_wconf 82' lang='lat' dir='ltr'><strong>quidem,</strong></span> <span class='ocrx_word' id='word_1_217' title='bbox 485 2616 536 2694; x_wconf 84' lang='lat' dir='ltr'><strong>qui</strong></span> <span class='ocrx_word' id='word_1_218' title='bbox 564 2630 581 2675; x_wconf 83' lang='lat' dir='ltr'><strong>&#39;a</strong></span> <span class='ocrx_word' id='word_1_219' title='bbox 608 2620 766 2695; x_wconf 79' lang='lat' dir='ltr'><strong>pareutum</strong></span> <span class='ocrx_word' id='word_1_220' title='bbox 792 2619 905 2678; x_wconf 87' lang='lat' dir='ltr'><strong>virtute</strong></span> <span class='ocrx_word' id='word_1_221' title='bbox 934 2615 1156 2693; x_wconf 74' lang='lat' dir='ltr'><strong>desciverunt,-</strong></span> 
     </span>
     <span class='ocr_line' id='line_1_29' title="bbox 131 2700 1137 2786; baseline -0.003 -21"><span class='ocrx_word' id='word_1_222' title='bbox 131 2710 297 2786; x_wconf 84' lang='lat' dir='ltr'><strong>propteree</strong></span> <span class='ocrx_word' id='word_1_223' title='bbox 326 2702 493 2781; x_wconf 73' lang='lat' dir='ltr'><strong>degeneres</strong></span> <span class='ocrx_word' id='word_1_224' title='bbox 522 2700 694 2776; x_wconf 79' lang='lat' dir='ltr'><strong>habentur,</strong></span> <span class='ocrx_word' id='word_1_225' title='bbox 719 2702 800 2781; x_wconf 78' lang='lat' dir='ltr'><strong>quod</strong></span> <span class='ocrx_word' id='word_1_226' title='bbox 828 2703 907 2778; x_wconf 82' lang='lat' dir='ltr'><strong>omni</strong></span> <span class='ocrx_word' id='word_1_227' title='bbox 929 2704 1049 2763; x_wconf 89' lang='lat' dir='ltr'><strong>omnino</strong></span> <span class='ocrx_word' id='word_1_228' title='bbox 1076 2704 1137 2762; x_wconf 83' lang='lat' dir='ltr'><strong>vir-</strong></span> 
     </span>
     <span class='ocr_line' id='line_1_30' title="bbox 130 2786 1139 2868; baseline -0.002 -19"><span class='ocrx_word' id='word_1_229' title='bbox 130 2796 200 2850; x_wconf 87' lang='lat' dir='ltr'><strong>tute</strong></span> <span class='ocrx_word' id='word_1_230' title='bbox 228 2788 366 2849; x_wconf 83' lang='lat' dir='ltr'><strong>destituti</strong></span> <span class='ocrx_word' id='word_1_231' title='bbox 394 2791 482 2860; x_wconf 84' lang='lat' dir='ltr'><strong>sunt,</strong></span> <span class='ocrx_word' id='word_1_232' title='bbox 518 2786 571 2848; x_wconf 86' lang='lat' dir='ltr'><strong>sed</strong></span> <span class='ocrx_word' id='word_1_233' title='bbox 602 2786 670 2865; x_wconf 86' lang='lat' dir='ltr'><strong>quie</strong></span> <span class='ocrx_word' id='word_1_234' title='bbox 697 2791 825 2868; x_wconf 76' lang='lat' dir='ltr'><strong>propter</strong></span> <span class='ocrx_word' id='word_1_235' title='bbox 853 2789 997 2850; x_wconf 88' lang='lat' dir='ltr'><strong>minorem</strong></span> <span class='ocrx_word' id='word_1_236' title='bbox 1024 2789 1139 2865; x_wconf 81' lang='lat' dir='ltr'><strong>ingenii</strong></span> 
     </span>
     <span class='ocr_line' id='line_1_31' title="bbox 131 2868 1138 2952; baseline -0.006 -16"><span class='ocrx_word' id='word_1_237' title='bbox 131 2868 298 2936; x_wconf 82' lang='lat' dir='ltr'><strong>bonitatem</strong></span> <span class='ocrx_word' id='word_1_238' title='bbox 332 2874 371 2933; x_wconf 88' lang='lat' dir='ltr'><strong>ad</strong></span> <span class='ocrx_word' id='word_1_239' title='bbox 398 2872 544 2939; x_wconf 83' lang='lat' dir='ltr'><strong>maiorum</strong></span> <span class='ocrx_word' id='word_1_240' title='bbox 572 2890 695 2931; x_wconf 86' lang='lat' dir='ltr'><strong>snorum</strong></span> <span class='ocrx_word' id='word_1_241' title='bbox 730 2873 945 2952; x_wconf 84' lang='lat' dir='ltr'><strong>praestantiam</strong></span> <span class='ocrx_word' id='word_1_242' title='bbox 979 2874 1138 2951; x_wconf 78' lang='lat' dir='ltr'><strong>percenirp</strong></span> 
     </span>
     <span class='ocr_line' id='line_1_32' title="bbox 131 2956 1138 3040; baseline -0.005 -17"><span class='ocrx_word' id='word_1_243' title='bbox 131 2981 191 3023; x_wconf 91' lang='lat' dir='ltr'><strong>non</strong></span> <span class='ocrx_word' id='word_1_244' title='bbox 212 2963 385 3040; x_wconf 86' lang='lat' dir='ltr'><strong>potuerunt.</strong></span> <span class='ocrx_word' id='word_1_245' title='bbox 399 2988 451 3016; x_wconf 75' lang='grc'><strong>,-</strong></span> <span class='ocrx_word' id='word_1_246' title='bbox 493 2956 593 3022; x_wconf 82' lang='lat' dir='ltr'><strong>Finito</strong></span> <span class='ocrx_word' id='word_1_247' title='bbox 614 2956 672 3024; x_wconf 87' lang='lat' dir='ltr'><strong>hac</strong></span> <span class='ocrx_word' id='word_1_248' title='bbox 686 2960 823 3018; x_wconf 82' lang='lat' dir='ltr'><strong>orellone</strong></span> <span class='ocrx_word' id='word_1_249' title='bbox 834 2958 1019 3035; x_wconf 75' lang='lat' dir='ltr'><strong>Protagoras</strong></span> <span class='ocrx_word' id='word_1_250' title='bbox 1040 2957 1138 3022; x_wconf 90' lang='lat' dir='ltr'><strong>denuo</strong></span> 
     </span>
     <span class='ocr_line' id='line_1_33' title="bbox 85 3042 1139 3126; baseline 0.001 -25"><span class='ocrx_word' id='word_1_251' title='bbox 85 3096 87 3101; x_wconf 89' lang='lat'>.</span> <span class='ocrx_word' id='word_1_252' title='bbox 131 3064 167 3109; x_wconf 78' lang='lat' dir='ltr'><strong>se</strong></span> <span class='ocrx_word' id='word_1_253' title='bbox 188 3045 350 3126; x_wconf 85' lang='lat' dir='ltr'><strong>profitetur</strong></span> <span class='ocrx_word' id='word_1_254' title='bbox 370 3042 491 3103; x_wconf 85' lang='lat' dir='ltr'><strong>virtutis</strong></span> <span class='ocrx_word' id='word_1_255' title='bbox 512 3042 699 3120; x_wconf 80' lang='lat' dir='ltr'><strong>magistrum,</strong></span> <span class='ocrx_word' id='word_1_256' title='bbox 723 3061 866 3121; x_wconf 85' lang='lat' dir='ltr'><strong>suamque</strong></span> <span class='ocrx_word' id='word_1_257' title='bbox 888 3042 1075 3123; x_wconf 82' lang='lat' dir='ltr'><strong>disciplinam</strong></span> <span class='ocrx_word' id='word_1_258' title='bbox 1096 3043 1139 3102; x_wconf 85' lang='lat' dir='ltr'><strong>ait</strong></span> 
     </span>
     <span class='ocr_line' id='line_1_34' title="bbox 132 3120 1139 3209; baseline -0.004 -17"><span class='ocrx_word' id='word_1_259' title='bbox 132 3126 228 3192; x_wconf 88' lang='lat' dir='ltr'><strong>multo</strong></span> <span class='ocrx_word' id='word_1_260' title='bbox 250 3127 412 3209; x_wconf 79' lang='lat' dir='ltr'><strong>grandiore</strong></span> <span class='ocrx_word' id='word_1_261' title='bbox 433 3127 551 3206; x_wconf 77' lang='lat' dir='ltr'><strong>dignam</strong></span> <span class='ocrx_word' id='word_1_262' title='bbox 574 3145 643 3186; x_wconf 86' lang='lat' dir='ltr'><strong>esse</strong></span> <span class='ocrx_word' id='word_1_263' title='bbox 665 3129 784 3206; x_wconf 88' lang='lat' dir='ltr'><strong>pretio,</strong></span> <span class='ocrx_word' id='word_1_264' title='bbox 813 3120 900 3206; x_wconf 75' lang='lat' dir='ltr'><strong>quam</strong></span> <span class='ocrx_word' id='word_1_265' title='bbox 931 3128 1012 3206; x_wconf 84' lang='lat' dir='ltr'><strong>quod</strong></span> <span class='ocrx_word' id='word_1_266' title='bbox 1033 3127 1099 3206; x_wconf 88' lang='lat' dir='ltr'><strong>ipse</strong></span> <span class='ocrx_word' id='word_1_267' title='bbox 1120 3147 1139 3188; x_wconf 87' lang='lat' dir='ltr'><strong>c</strong></span> 
     </span>
     <span class='ocr_line' id='line_1_35' title="bbox 134 3209 1001 3296; baseline -0.007 -20"><span class='ocrx_word' id='word_1_268' title='bbox 134 3216 287 3296; x_wconf 74' lang='lat' dir='ltr'><strong>discipulis</strong></span> <span class='ocrx_word' id='word_1_269' title='bbox 310 3215 433 3294; x_wconf 75' lang='lat' dir='ltr'><strong>exigere</strong></span> <span class='ocrx_word' id='word_1_270' title='bbox 453 3213 559 3296; x_wconf 79' lang='lat' dir='ltr'><strong>soleat.</strong></span> <span class='ocrx_word' id='word_1_271' title='bbox 601 3209 635 3272; x_wconf 87' lang='lat' dir='ltr'><strong>P.</strong></span> <span class='ocrx_word' id='word_1_272' title='bbox 657 3213 729 3272; x_wconf 69' lang='lat'><strong>322.</strong></span> <span class='ocrx_word' id='word_1_273' title='bbox 752 3211 787 3271; x_wconf 77' lang='lat' dir='ltr'><strong>l),</strong></span> <span class='ocrx_word' id='word_1_274' title='bbox 809 3245 849 3257; x_wconf 88' lang='lat'><strong>-·</strong></span> <span class='ocrx_word' id='word_1_275' title='bbox 871 3213 943 3273; x_wconf 66' lang='lat'><strong>3¹:²8.</strong></span> <span class='ocrx_word' id='word_1_276' title='bbox 966 3212 1001 3277; x_wconf 76' lang='lat' dir='ltr'><strong>l).</strong></span> 
     </span>
     <span class='ocr_line' id='line_1_36' title="bbox 217 3295 1140 3383; baseline -0.003 -23"><span class='ocrx_word' id='word_1_277' title='bbox 217 3300 363 3377; x_wconf 79' lang='lat' dir='ltr'><strong>Videmus</strong></span> <span class='ocrx_word' id='word_1_278' title='bbox 384 3298 435 3358; x_wconf 88' lang='lat' dir='ltr'><strong>hic</strong></span> <span class='ocrx_word' id='word_1_279' title='bbox 454 3298 583 3379; x_wconf 89' lang='lat' dir='ltr'><strong>primum</strong></span> <span class='ocrx_word' id='word_1_280' title='bbox 600 3295 765 3383; x_wconf 81' lang='lat' dir='ltr'><strong>sophistam</strong></span> <span class='ocrx_word' id='word_1_281' title='bbox 779 3299 864 3376; x_wconf 79' lang='lat' dir='ltr'><strong>qnasi</strong></span> <span class='ocrx_word' id='word_1_282' title='bbox 877 3299 1031 3375; x_wconf 83' lang='lat' dir='ltr'><strong>specimen</strong></span> <span class='ocrx_word' id='word_1_283' title='bbox 1044 3298 1140 3374; x_wconf 85' lang='lat' dir='ltr'><strong>quod-</strong></span> 
     </span>
    </p>
   </div>
   <div class='ocr_carea' id='block_1_9' title="bbox 135 3382 1266 3545">
    <p class='ocr_par' dir='ltr' id='par_1_9' title="bbox 135 3382 1266 3545">
     <span class='ocr_line' id='line_1_37' title="bbox 135 3382 1257 3462; baseline -0.004 -18"><span class='ocrx_word' id='word_1_284' title='bbox 135 3386 205 3444; x_wconf 88' lang='lat' dir='ltr'><strong>dam</strong></span> <span class='ocrx_word' id='word_1_285' title='bbox 230 3386 374 3445; x_wconf 81' lang='lat' dir='ltr'><strong>exhibere</strong></span> <span class='ocrx_word' id='word_1_286' title='bbox 400 3382 599 3457; x_wconf 83' lang='lat' dir='ltr'><strong>institutionis</strong></span> <span class='ocrx_word' id='word_1_287' title='bbox 625 3401 706 3442; x_wconf 90' lang='lat' dir='ltr'><strong>suae.</strong></span> <span class='ocrx_word' id='word_1_288' title='bbox 741 3384 857 3462; x_wconf 14' lang='lat' dir='ltr'><strong>nllabet</strong></span> <span class='ocrx_word' id='word_1_289' title='bbox 884 3383 963 3442; x_wconf 91' lang='lat' dir='ltr'><strong>enim</strong></span> <span class='ocrx_word' id='word_1_290' title='bbox 985 3383 1140 3460; x_wconf 86' lang='lat' dir='ltr'><strong>copiosam</strong></span> <span class='ocrx_word' id='word_1_291' title='bbox 1255 3452 1257 3457; x_wconf 10' lang='lat' dir='ltr'>k</span> 
     </span>
     <span class='ocr_line' id='line_1_38' title="bbox 139 3467 1266 3545; baseline 0 -18"><span class='ocrx_word' id='word_1_292' title='bbox 139 3476 173 3527; x_wconf 88' lang='lat' dir='ltr'><strong>et</strong></span> <span class='ocrx_word' id='word_1_293' title='bbox 193 3470 297 3535; x_wconf 86' lang='lat' dir='ltr'><strong>multis</strong></span> <span class='ocrx_word' id='word_1_294' title='bbox 316 3470 477 3529; x_wconf 77' lang='lat' dir='ltr'><strong>verborum</strong></span> <span class='ocrx_word' id='word_1_295' title='bbox 497 3467 652 3536; x_wconf 87' lang='lat' dir='ltr'><strong>lenociniis</strong></span> <span class='ocrx_word' id='word_1_296' title='bbox 674 3475 845 3537; x_wconf 76' lang='lat' dir='ltr'><strong>exornatam</strong></span> <span class='ocrx_word' id='word_1_297' title='bbox 867 3468 1053 3540; x_wconf 84' lang='lat' dir='ltr'><strong>orationem,</strong></span> <span class='ocrx_word' id='word_1_298' title='bbox 1081 3473 1140 3545; x_wconf 85' lang='lat' dir='ltr'><strong>qua</strong></span> <span class='ocrx_word' id='word_1_299' title='bbox 1259 3520 1266 3534; x_wconf 69' lang='grc'><strong>,</strong></span> 
     </span>
    </p>
   </div>
   <div class='ocr_carea' id='block_1_10' title="bbox 137 3548 1187 3972">
    <p class='ocr_par' dir='ltr' id='par_1_10' title="bbox 137 3548 1187 3972">
     <span class='ocr_line' id='line_1_39' title="bbox 137 3548 1140 3643; baseline 0 -30"><span class='ocrx_word' id='word_1_300' title='bbox 137 3554 256 3613; x_wconf 74' lang='lat' dir='ltr'><strong>Socrati</strong></span> <span class='ocrx_word' id='word_1_301' title='bbox 281 3554 467 3643; x_wconf 64' lang='lat' dir='ltr'><strong>persuadere</strong></span> <span class='ocrx_word' id='word_1_302' title='bbox 493 3558 620 3613; x_wconf 86' lang='lat' dir='ltr'><strong>conetur</strong></span> <span class='ocrx_word' id='word_1_303' title='bbox 653 3555 812 3638; x_wconf 73' lang='lat' dir='ltr'><strong>virtutem,</strong></span> <span class='ocrx_word' id='word_1_304' title='bbox 850 3553 969 3620; x_wconf 85' lang='lat' dir='ltr'><strong>etiamsi</strong></span> <span class='ocrx_word' id='word_1_305' title='bbox 1002 3548 1140 3619; x_wconf 83' lang='lat' dir='ltr'><strong>omnibus</strong></span> 
     </span>
     <span class='ocr_line' id='line_1_40' title="bbox 138 3636 1187 3718; baseline -0.002 -20"><span class='ocrx_word' id='word_1_306' title='bbox 138 3639 304 3698; x_wconf 87' lang='lat' dir='ltr'><strong>communis</strong></span> <span class='ocrx_word' id='word_1_307' title='bbox 331 3639 478 3718; x_wconf 82' lang='lat' dir='ltr'><strong>quaedem</strong></span> <span class='ocrx_word' id='word_1_308' title='bbox 505 3636 665 3718; x_wconf 87' lang='lat' dir='ltr'><strong>prudentia</strong></span> <span class='ocrx_word' id='word_1_309' title='bbox 692 3639 786 3708; x_wconf 84' lang='lat' dir='ltr'><strong>civilis</strong></span> <span class='ocrx_word' id='word_1_310' title='bbox 814 3637 971 3705; x_wconf 85' lang='lat' dir='ltr'><strong>tribuenda</strong></span> <span class='ocrx_word' id='word_1_311' title='bbox 991 3638 1140 3711; x_wconf 79' lang='lat' dir='ltr'><strong>rideatur,</strong></span> <span class='ocrx_word' id='word_1_312' title='bbox 1184 3662 1187 3669; x_wconf 92' lang='lat'><em>·</em></span> 
     </span>
     <span class='ocr_line' id='line_1_41' title="bbox 137 3723 1138 3803; baseline -0.001 -21"><span class='ocrx_word' id='word_1_313' title='bbox 137 3731 239 3782; x_wconf 87' lang='lat' dir='ltr'><strong>tamen</strong></span> <span class='ocrx_word' id='word_1_314' title='bbox 266 3723 371 3800; x_wconf 83' lang='lat' dir='ltr'><strong>utique</strong></span> <span class='ocrx_word' id='word_1_315' title='bbox 391 3725 528 3792; x_wconf 84' lang='lat' dir='ltr'><strong>doctrine</strong></span> <span class='ocrx_word' id='word_1_316' title='bbox 558 3729 591 3783; x_wconf 88' lang='lat' dir='ltr'><strong>et</strong></span> <span class='ocrx_word' id='word_1_317' title='bbox 617 3723 808 3784; x_wconf 84' lang='lat' dir='ltr'><strong>institutione</strong></span> <span class='ocrx_word' id='word_1_318' title='bbox 843 3723 1010 3803; x_wconf 85' lang='lat' dir='ltr'><strong>comparari</strong></span> <span class='ocrx_word' id='word_1_319' title='bbox 1039 3742 1138 3803; x_wconf 84' lang='lat' dir='ltr'><strong>posse.</strong></span> 
     </span>
     <span class='ocr_line' id='line_1_42' title="bbox 138 3805 1141 3888; baseline 0.003 -22"><span class='ocrx_word' id='word_1_320' title='bbox 138 3808 228 3885; x_wconf 78' lang='lat' dir='ltr'><strong>Quod</strong></span> <span class='ocrx_word' id='word_1_321' title='bbox 250 3807 358 3873; x_wconf 83' lang='lat' dir='ltr'><strong>exinde</strong></span> <span class='ocrx_word' id='word_1_322' title='bbox 379 3805 528 3886; x_wconf 84' lang='lat' dir='ltr'><strong>explicat,</strong></span> <span class='ocrx_word' id='word_1_323' title='bbox 550 3806 629 3887; x_wconf 88' lang='lat' dir='ltr'><strong>qnod</strong></span> <span class='ocrx_word' id='word_1_324' title='bbox 650 3808 838 3881; x_wconf 72' lang='lat' dir='ltr'><strong>Mercurium,</strong></span> <span class='ocrx_word' id='word_1_325' title='bbox 858 3810 918 3888; x_wconf 31' lang='lat' dir='ltr'><strong>*qui</strong></span> <span class='ocrx_word' id='word_1_326' title='bbox 937 3808 1023 3869; x_wconf 88' lang='lat' dir='ltr'><strong>feros</strong></span> <span class='ocrx_word' id='word_1_327' title='bbox 1040 3808 1141 3869; x_wconf 85' lang='lat' dir='ltr'><strong>cuitus</strong></span> 
     </span>
     <span class='ocr_line' id='line_1_43' title="bbox 137 3891 1142 3972; baseline -0.002 -18"><span class='ocrx_word' id='word_1_328' title='bbox 137 3894 293 3955; x_wconf 84' lang='lat' dir='ltr'><strong>homiuum</strong></span> <span class='ocrx_word' id='word_1_329' title='bbox 309 3891 493 3968; x_wconf 73' lang='lat' dir='ltr'><strong>formaverit,</strong></span> <span class='ocrx_word' id='word_1_330' title='bbox 515 3894 593 3954; x_wconf 86' lang='lat' dir='ltr'><strong>lovis</strong></span> <span class='ocrx_word' id='word_1_331' title='bbox 608 3894 693 3962; x_wconf 87' lang='lat' dir='ltr'><strong>iussu</strong></span> <span class='ocrx_word' id='word_1_332' title='bbox 709 3896 844 3955; x_wconf 84' lang='lat' dir='ltr'><strong>omnibus</strong></span> <span class='ocrx_word' id='word_1_333' title='bbox 864 3895 1009 3955; x_wconf 87' lang='lat' dir='ltr'><strong>iustitiam</strong></span> <span class='ocrx_word' id='word_1_334' title='bbox 1031 3899 1063 3953; x_wconf 89' lang='lat' dir='ltr'><strong>et</strong></span> <span class='ocrx_word' id='word_1_335' title='bbox 1084 3913 1142 3972; x_wconf 88' lang='lat' dir='ltr'><strong>pu-</strong></span> 
     </span>
    </p>
   </div>
   <div class='ocr_carea' id='block_1_11' title="bbox 137 3979 1239 4058">
    <p class='ocr_par' dir='ltr' id='par_1_11' title="bbox 137 3979 1239 4058">
     <span class='ocr_line' id='line_1_44' title="bbox 137 3979 1239 4058; baseline 0 -21"><span class='ocrx_word' id='word_1_336' title='bbox 137 3979 245 4051; x_wconf 86' lang='lat' dir='ltr'><strong>dorem</strong></span> <span class='ocrx_word' id='word_1_337' title='bbox 267 3979 427 4049; x_wconf 88' lang='lat' dir='ltr'><strong>inieccrit,</strong></span> <span class='ocrx_word' id='word_1_338' title='bbox 449 3996 546 4058; x_wconf 86' lang='lat' dir='ltr'><strong>eoque</strong></span> <span class='ocrx_word' id='word_1_339' title='bbox 574 3979 712 4045; x_wconf 85' lang='lat' dir='ltr'><strong>homines</strong></span> <span class='ocrx_word' id='word_1_340' title='bbox 742 4000 759 4038; x_wconf 87' lang='lat' dir='ltr'><strong>e</strong></span> <span class='ocrx_word' id='word_1_341' title='bbox 788 3980 859 4040; x_wconf 83' lang='lat' dir='ltr'><strong>fera</strong></span> <span class='ocrx_word' id='word_1_342' title='bbox 879 3985 913 4038; x_wconf 86' lang='lat' dir='ltr'><strong>et</strong></span> <span class='ocrx_word' id='word_1_343' title='bbox 941 3979 1143 4058; x_wconf 66' lang='lat' dir='ltr'><strong>agrestirits</strong></span> <span class='ocrx_word' id='word_1_344' title='bbox 1231 3998 1239 4025; x_wconf 67' lang='grc' dir='ltr'>ι</span> 
     </span>
    </p>
   </div>
   <div class='ocr_carea' id='block_1_12' title="bbox 139 4063 1144 4147">
    <p class='ocr_par' dir='ltr' id='par_1_12' title="bbox 139 4063 1144 4147">
     <span class='ocr_line' id='line_1_45' title="bbox 139 4063 1144 4147; baseline -0.004 -21"><span class='ocrx_word' id='word_1_345' title='bbox 139 4065 326 4139; x_wconf 58' lang='lat' dir='ltr'><strong>evocaverim</strong></span> <span class='ocrx_word' id='word_1_346' title='bbox 345 4064 398 4126; x_wconf 91' lang='lat' dir='ltr'><strong>hio</strong></span> <span class='ocrx_word' id='word_1_347' title='bbox 417 4065 484 4144; x_wconf 88' lang='lat' dir='ltr'><strong>ipse</strong></span> <span class='ocrx_word' id='word_1_348' title='bbox 504 4083 578 4127; x_wconf 86' lang='lat' dir='ltr'><strong>vero</strong></span> <span class='ocrx_word' id='word_1_349' title='bbox 598 4065 733 4127; x_wconf 87' lang='lat' dir='ltr'><strong>iustitiae</strong></span> <span class='ocrx_word' id='word_1_350' title='bbox 753 4070 787 4127; x_wconf 82' lang='lat' dir='ltr'><strong>et</strong></span> <span class='ocrx_word' id='word_1_351' title='bbox 807 4066 929 4147; x_wconf 72' lang='lat' dir='ltr'><strong>pietatis</strong></span> <span class='ocrx_word' id='word_1_352' title='bbox 950 4083 1058 4133; x_wconf 85' lang='lat' dir='ltr'><strong>sensus</strong></span> <span class='ocrx_word' id='word_1_353' title='bbox 1080 4063 1144 4124; x_wconf 88' lang='lat' dir='ltr'><strong>cui-</strong></span> 
     </span>
    </p>
   </div>
   <div class='ocr_carea' id='block_1_13' title="bbox 525 4253 535 4285">
    <p class='ocr_par' dir='ltr' id='par_1_13' title="bbox 525 4253 535 4285">
     <span class='ocr_line' id='line_1_46' title="bbox 525 4253 535 4285; baseline 0 0"><span class='ocrx_word' id='word_1_354' title='bbox 525 4253 535 4285; x_wconf 75' lang='lat' dir='ltr'><strong>i</strong></span> 
     </span>
    </p>
   </div>
   <div class='ocr_carea' id='block_1_14' title="bbox 0 0 1292 4598">
    <p class='ocr_par' dir='ltr' id='par_1_14' title="bbox 0 0 1292 4598">
     <span class='ocr_line' id='line_1_47' title="bbox 0 0 1292 4598; baseline 0 0"><span class='ocrx_word' id='word_1_355' title='bbox 0 0 1292 4598; x_wconf 95' lang='lat' dir='ltr'><strong> </strong></span> 
     </span>
    </p>
   </div>
  </div>
 </body>
</html>
