2550 4598
38 146 166 261 ¹aa
313 148 319 159 ‘
441 193 783 267 ,amassaric-

127 372 195 437 tara
221 365 487 429 etexercltstiene
507 364 648 444 lndlgest
690 362 806 427 Veram
833 361 895 425 atsi
913 361 944 424 ln
964 360 1013 423 bls
1035 376 1133 441 quae·

126 450 196 513 dam
228 470 301 512 vera
335 452 454 528 insunt,
494 459 592 515 tameo
618 446 694 511 ordo
723 449 938 510 sententiarum
969 445 1046 509 adeo
1084 450 1147 509 cat-

126 538 324 619 perturbatus
351 542 443 617 atque
469 537 622 598 notionum
651 554 688 595 ea
710 541 759 597 est
779 534 965 607 obscuritas,
992 537 1030 592 ut
1057 530 1135 610 quid

127 623 175 688 aei
201 623 243 685 sit
268 639 304 685 ex
330 621 379 683 his
407 623 528 683 minime
555 621 653 701 possit
671 619 809 699 intelligi.
852 618 939 695 Quod
959 617 1060 696 ipsum
1080 634 1136 687 sr-

128 713 272 787 gumento
306 699 356 771 est
382 706 485 787 longas
514 706 581 768 illas
608 711 699 783 atque
726 703 898 787 splendidas
926 702 1136 783 sophistarum

18 812 21 819 ’
129 791 381 868 declamationes,
406 793 584 872 praesertim
612 792 665 853 nbi
689 795 865 874 argumenta
884 792 1018 851 tractent
1045 806 1068 847 e
1088 784 1137 849 n-

27 892 30 897 '
131 876 211 941 burs
238 878 352 956 petita,
380 879 417 937 ad
445 877 687 958 persuadendum
716 884 802 957 aptas
824 893 893 936 csse
914 874 1036 937 minime
1053 872 1137 933 ludi·

131 962 195 1025 cari
214 960 318 1025 licere.
359 962 460 1045 Atque
487 962 519 1027 id
545 963 647 1043 ipsum
672 960 763 1025 etiam
795 958 939 1022 Socrates
958 957 1138 1021 Platonicus

131 1046 175 1111 in
192 1046 314 1109 iudicat.

215 1130 303 1208 Quod
327 1131 407 1195 enim
428 1137 601 1212 speraverat
618 1130 767 1212 sophista,
788 1147 823 1190 se
843 1128 902 1188 bac
923 1128 1060 1191 eratione
1082 1145 1139 1191 sua

132 1213 330 1297 Hippocratis
349 1223 382 1278 et
403 1215 536 1279 Socratis
555 1219 669 1279 animos
691 1234 761 1278 esse
784 1215 985 1288 deliniturnm,
1004 1214 1038 1275 id
1059 1212 1139 1277 adan

133 1300 195 1365 non
224 1304 434 1382 consequitor,
463 1309 497 1363 ut
525 1303 555 1364 ei
583 1302 692 1363 deinde
718 1302 780 1363 hoc
808 1298 1018 1361 declamitaadi
1038 1316 1138 1378 genua

133 1390 232 1467 totum
259 1388 485 1466 relinquendum
511 1388 560 1450 sit.
601 1386 745 1449 Socrates
765 1386 863 1460 enim,
891 1391 927 1451 nt
953 1390 1139 1464 perpetuant

132 1470 221 1535 istrrd
237 1473 380 1537 orationis
401 1473 513 1536 flumen
534 1472 627 1553 qnasi-
639 1473 807 1551 restinguat
833 1477 866 1531 et
886 1471 1039 1544 obstruat,
1066 1486 1139 1531 sesa

132 1556 294 1621 admodum
316 1556 493 1620 obliviosum
513 1559 634 1634 simulat
654 1575 734 1633 esse,
755 1558 798 1618 ita
817 1561 852 1618 ut
875 1574 951 1635 qnae
972 1555 1003 1616 in
1017 1554 1140 1634 longio-

26 1632 35 1647 “’
134 1641 222 1711 ῐίῑιιιε
239 1643 387 1704 eiusmodi
413 1645 602 1705 sermonibus
628 1642 765 1705 dicantur
786 1659 856 1703 mcx
875 1643 933 1703 sibi
952 1658 970 1700 e
990 1639 1140 1703 memoria

134 1744 240 1787 rursus
277 1728 422 1790 excidant.
470 1728 634 1791 Praeterea
667 1747 702 1791 se
730 1728 898 1788 orationum
930 1724 1139 1787 habendarum

159 1811 226 1873 lane
253 1813 427 1893 imperitum
457 1813 540 1875 dicia
561 1812 697 1892 [Rogat
730 1813 823 1892 igitur
849 1810 1067 1895 Protagoram,
1103 1814 1140 1873 ut

135 1830 194 1959 hac
215 1899 354 1959 molestis
378 1899 479 1977 ipsam
503 1899 604 1959 levare
624 1903 658 1960 ct
676 1895 889 1977 hrterregnndo
909 1895 1138 1978 respondendo·

137 1999 197 2059 qne
223 1985 377 2063 negotium
408 2003 510 2044 secum
536 1984 705 2062 transigere
732 1982 830 2044 seht.¹
856 1982 973 2059 Quibus
993 1982 1139 2064 precibus

82 2088 85 2093 ·
137 2067 275 2150 sophista
301 2088 338 2130 eo
364 2069 516 2130 lubentius
551 2065 707 2144 concedit,
739 2067 820 2147 qnod
845 2060 895 2127 ¹ltn
928 2086 1035 2129 novam
1063 2064 1140 2127 arth

137 2156 211 2213 s'uae
246 2155 443 2219 ostentandae
477 2157 665 2217 occasionem
701 2154 759 2216 sibi
800 2153 931 2213 oblatam
965 2153 1139 2215 arbitratur.

21 2306 25 2319 Ι
137 2234 217 2301 Tum
244 2258 318 2300 vero
347 2238 505 2314 Socrates,
530 2241 672 2304 simrdans
701 2258 736 2301 se
761 2237 966 2317 Protagorae,
992 2239 1140 2299 virtutem

136 2320 242 2405 doceri
262 2343 354 2404 posse
374 2324 553 2399 affirmanti,
580 2324 671 2386 iacile
697 2325 789 2385 tidem
810 2322 938 2397 babere,
967 2340 1141 2385 sermonem

135 2407 292 2474 infert'de
313 2410 372 2469 alio
393 2415 588 2488 argumento:
614 2408 695 2489 quod
725 2415 826 2471 tamen
845 2409 1009 2469 cavendum
1030 2416 1080 2469 est
1101 2426 1141 2469 nc

136 2497 254 2557 temere
275 2495 343 2557 fieri
363 2497 584 2569 existimemns3
610 2496 755 2555 cohaeret
777 2494 857 2567 enim
875 2494 952 2553 haec
973 2492 1141 2573 disputatio

135 2579 240 2657 utique
262 2580 429 2641 arctissime
452 2599 518 2640 cnm
539 2580 586 2641 rei
597 2585 685 2640 antea
706 2584 852 2639 tractatae
874 2579 1060 2656 quaestione,
1083 2597 1142 2641 nec

134 2661 253 2726 frustra
282 2663 423 2743 Socrates
456 2683 491 2724 se
519 2665 563 2735 alt
588 2663 774 2742 Protagorae
808 2664 940 2743 opinioni
974 2663 1142 2739 accedere;

137 2765 205 2812 nam
227 2749 271 2809 ila
293 2749 479 2826 significate
499 2748 617 2809 ratione
638 2750 757 2827 qnidam
769 2747 991 2811 Socraticorum
1012 2749 1052 2808 id·
1067 2767 1142 2812 sanc

138 2831 205 2895 fieri
225 2851 318 2913 posse
341 2832 467 2893 cerrcedi
488 2841 651 2912 oportere3
677 2834 709 2894 id
731 2833 809 2911 ‹pnod
831 2840 977 2913 exparte
998 2834 1144 2913 colloquii

138 2914 273 2983 extrema
293 2919 458 2979 clarissime
486 2919 695 2997 perspicietur.
738 2920 834 2995 Quum
856 2921 935 2977 enim
954 2917 1143 3001 Protagoras

136 3003 169 3062 in
197 3004 402 3083 superioribus
431 3004 560 3082 plurium
589 3006 733 3063 virtutum
764 3004 945 3066 mentionem
974 2998 1157 3080 iniecisset

138 3086 280 3150 Socrates
302 3108 379 3148 nnnc
401 3108 438 3148 en
460 3109 497 3148 eo
521 3091 653 3171 quaerit,
676 3095 777 3150 utrum
799 3088 857 3147 hae
879 3107 982 3150 omnes
1002 3107 1061 3169 pro
1084 3109 1151 3172 nna¹

14 3176 19 3185 ’
137 3178 255 3233 tantum
284 3174 447 3252 eademqne
474 3177 584 3235 uirtute
605 3174 759 3235 habendae
779 3174 952 3247 videantur,
976 3184 1019 3233 'an
1040 3176 1144 3237 variae

137 3260 226 3334 unitis
251 3260 371 3317 virtutis
407 3267 508 3338 plastes
536 3258 711 3319 indicandae
739 3260 808 3328 sint.
858 3259 1061 3338 Amplectitur
1092 3278 1143 3321 so·

123 3344 241 3425 'phiala
267 3345 469 3425 posteriorem
498 3346 684 3407 sententiam.
741 3342 845 3424 ltaque
870 3345 940 3406 ille:
984 3343 1017 3403 Si
1045 3346 1143 3423 igitur

138 3435 225 3502 sont,
252 3430 366 3509 inquit,
395 3447 413 3488 o
442 3429 533 3497 bone,
560 3432 647 3491 unius
677 3434 782 3508 partes
807 3429 946 3504 uirtutis,
974 3429 1034 3489 hae
1054 3431 1144 3509 ipsae

137 3520 240 3592 parles
262 3521 313 3575 ant
332 3509 564 3595 plenc'eandem
586 3514 699 3574 habere
720 3521 848 3595 possunt
868 3523 1022 3588 naturam,
1053 3534 1145 3593 quam

137 3598 251 3674 totum,
282 3599 527 3677 quemadmodum
560 3602 625 3659 anri
645 3601 812 3678 particulae
834 3619 850 3659 a
871 3607 937 3661 toto
965 3618 1025 3659 non
1052 3601 1144 3661 ‹lille-

46 3680 48 3686 ’
137 3690 225 3758 rnnt3
246 3693 298 3744 aut
319 3687 398 3747 inter
419 3705 452 3747 se
475 3687 611 3746 diversae
632 3690 775 3763 poterunt
797 3703 866 3745 esse
890 3688 953 3759 sic,
980 3693 1015 3744 ut
1037 3687 1145 3765 singn-

136 3768 186 3833 lae
214 3788 297 3829 auam
327 3772 385 3835 sibi
405 3773 558 3852 propriam
579 3770 709 3830 habeant
735 3775 888 3842 staturam,
915 3771 1009 3831 veluti
1036 3780 1144 3849 plantes

137 3852 244 3930 faciel,
265 3873 311 3926 os,
332 3875 435 3931 trasna,
458 3856 574 3926 ocnrlns,
596 3875 614 3914 a
635 3856 815 3915 seinvicem
836 3854 987 3916 dill'crnnt.
1030 3856 1145 3917 Utrum

136 3940 228 4018 igitur
256 3939 317 4011 tibi
340 3941 464 4019 placet?
505 3942 620 4001 Probat
649 3939 785 4018 sophista
804 3959 870 3999 eam
895 3944 1061 4017 rationem,
1085 3961 1144 4021 qua
1171 3996 1178 4023 ,

137 4025 271 4107 ringulae
293 4027 418 4091 virtutos
443 4027 522 4091 inter
544 4045 580 4089 ae
602 4026 739 4091 diversae
760 4026 935 4090 indicantur.
979 4025 1047 4087 lloc
1068 4047 1144 4091 vero
