2550 4598
60 220 66 230 '
193 241 236 304 re
557 177 840 303 rnsnuairo

37 402 63 457 ’-
193 411 282 475 11111
304 408 425 471 virtutis
444 397 566 471 nomine
587 408 710 491 dignum
729 409 852 488 hebuit,
882 409 995 492 qnippe
1023 407 1103 489 qnod
1120 400 1203 472 'cunr

175 496 267 561 <hosi
290 496 473 574 honestique
500 495 673 575 cognitione
701 500 735 559 et
761 499 840 558 recti
867 496 1052 560 canscientia
1077 497 1204 557 conian-

193 589 277 645 ctum
297 587 399 656 esset,
419 580 500 641 veris
521 580 713 663 philosophis
733 587 876 662 tanquam
896 583 1053 663 proprium
1072 581 1204 643 vindica-

193 668 250 732 rit.
291 668 387 745 Quam
416 665 537 745 quidem
564 667 744 730 seutentiam
772 687 858 730 suam
884 667 1048 733 illustravit
1080 668 1142 743 sic,
1168 672 1205 729 ut

193 772 288 815 unum
308 770 484 832 germanum
505 752 736 833 philosophum,
766 752 943 831 Socratem,
971 754 1062 815 huius
1082 752 1204 815 virtutis

195 836 355 922 perfectae
375 845 409 898 11
428 844 654 901 consummatae
672 839 853 921 participem
876 859 946 903 esse
967 837 1123 914 docuerit,
1152 857 1204 900 so·

103 940 108 949 ’
194 924 314 1005 phistas
340 930 441 985 autem
470 930 502 985 et
529 925 609 986 viros
637 923 741 989 civiles
769 926 817 986 vel
847 944 918 988 casu
938 930 1056 987 tautum
1084 931 1118 985 et
1138 922 1204 986 ior-

195 1011 290 1083 tuite,
319 1009 369 1071 vel
392 1028 518 1071 munere
546 1008 674 1088 quodam
704 1009 804 1072 divino
831 1006 931 1094 (carp
956 1008 1094 1093 μοίρᾳ),
1123 1009 1155 1072 h.
1175 1026 1204 1068 1.

195 1095 341 1176 singulari
354 1096 480 1174 quadam
493 1100 617 1157 naturae
629 1095 767 1158 bonitate
780 1096 921 1158 divinitus
932 1101 1068 1174 accepta,
1089 1094 1128 1155 ad
1147 1093 1205 1155 mi-

194 1199 302 1244 norem
330 1180 451 1260 quidem
481 1181 600 1244 virtutis
621 1183 855 1266 praestantiam,
884 1188 916 1244 et
935 1181 973 1241 ed
994 1182 1136 1242 virtutem
1149 1183 1204 1240 'ta-

193 1285 266 1328 men
287 1266 415 1345 aliquam
436 1266 595 1343 pervenire
616 1284 710 1348 posse
726 1266 1002 1350 11111111111111
1016 1265 1205 1330 cavillatione

45 1348 48 1357 '
149 1344 154 1349 ’
193 1351 394 1417 affirmaverit
410 1357 446 1413 et
464 1348 656 1415 contenderit
675 1348 719 1434 *).
749 1424 754 1435 ⁸

279 1505 423 1567 Petamus
460 1512 562 1567 antem
591 1506 751 1569 Platonem
785 1507 818 1570 in
844 1507 905 1570 hoc
929 1511 1107 1588 argumento
1134 1504 1205 1568 illn-

194 1590 319 1653 strando
340 1592 382 1651 ita
402 1597 554 1651 versatum
577 1610 658 1667 esre,
678 1598 713 1654 ut
733 1613 751 1654 a
772 1593 955 1672 singularum
967 1596 1113 1655 virtutum
1131 1609 1205 1653 cuu-

194 1676 379 1738 rideratione
398 1674 518 1736 initium
539 1675 666 1752 iecerit,
699 1696 735 1739 ac
761 1677 872 1739 deinde
892 1679 1048 1758 paullatim
1069 1679 1108 1740 ad
1128 1677 1206 1739 alins

193 1761 280 1823 locos
313 1760 460 1823 finitimos
487 1761 737 1842 pervestigandos
769 1763 934 1826 transierit.
984 1763 1073 1842 Quod
1099 1768 1136 1823 ut
1161 1763 1207 1825 ita

193 1853 379 1922 statuamus,
409 1865 500 1925 quum
528 1847 596 1927 ipsa
623 1848 813 1925 reiectura,
842 1855 907 1910 tum
935 1866 1041 1911 eorum
1068 1846 1206 1928 dialogo·

194 1952 275 2006 rum,
296 1933 348 2011 qui
368 1931 429 1992 huc
449 1932 617 2011 pertinent,
637 1935 716 1995 ratio
738 1941 771 1995 et
787 1942 997 2014 argumentum
1018 1933 1147 1997 suadere
1160 1932 1205 1994 vi-

193 2017 293 2079 detur.
335 2015 479 2093 Accedit,
508 2019 590 2095 quod
610 2018 692 2081 inter
712 2039 767 2082 eos
788 2021 884 2083 libros
912 2025 999 2095 sunt,
1030 2038 1106 2099 quos
1134 2024 1206 2081 ante

195 2102 332 2165 Socratis
357 2108 488 2165 mortem
511 2102 610 2167 literis
635 2105 829 2186 consignatos
854 2106 1205 2171 1111111111111111-

193 2188 346 2271 ploratum
372 2186 530 2252 hahemus.
572 2188 678 2271 ltaque
702 2192 734 2253 iu
762 2190 899 2254 Lachete
926 2195 960 2252 et
988 2188 1150 2255 Charmide
1172 2191 1206 2252 11

193 2293 255 2335 uso
284 2272 411 2335 Socrate
439 2290 541 2335 veram
567 2280 600 2335 et
625 2275 811 2356 philosopho
843 2275 964 2356 dignam
991 2274 1206 2338 fortitudinem

192 2358 294 2423 fuisse
317 2361 361 2421 ita
381 2359 530 2443 dccetur,
559 2365 594 2421 nt
614 2362 755 2440 vulgares
776 2361 886 2425 dehis
906 2361 1068 2425 virtutihus
1085 2359 1205 2440 opinio·

192 2462 249 2509 nes
276 2446 317 2507 ad
342 2463 478 2506 normam
504 2442 717 2527 philosophiae
746 2445 921 2512 Socraticae
947 2446 1107 2525 exigantur
1125 2445 1206 2523 lepi-
1255 2468 1261 2475 ·

192 2530 295 2609 deque
321 2532 581 2611 perstringentem
608 2531 750 2597 similiter
778 2533 811 2595 11
830 2531 1053 2617 Euthyphroue
1080 2530 1126 2591 illi
1153 2529 1207 2592 uni

195 2616 325 2677 maxime
345 2616 444 2693 pietas
471 2615 648 2689 vindicatur,
676 2617 747 2681 dum
775 2618 888 2678 ceteris
914 2617 1119 2690 ehirrdicatur,
1153 2620 1205 2676 ut·

195 2706 272 2780 pote
300 2699 512 2777 superstitioni
537 2697 681 2774 addictis3
712 2703 744 2765 in
763 2700 900 2766 Mencuc
923 2718 1015 2779 porro
1039 2699 1206 2782 explodun-

196 2791 251 2848 tur
279 2785 437 2864 sophistae
460 2803 496 2844 ec
515 2783 573 2844 viri
602 2783 722 2861 civiles,
751 2803 878 2865 quorum
899 2785 990 2865 alteri
1009 2786 1068 2847 sihi
1088 2791 1207 2849 temere

195 2872 317 2933 virtutis
337 2870 493 2931 1111111111
514 2868 728 2949 ducendaeque
746 2869 923 2937 facultatem
945 2871 1137 2951 arrogabant,
1158 2871 1206 2931 al·

195 2958 257 3018 teri
281 2959 313 3017 11
341 2974 458 3017 smumc
487 2954 694 3034 sophistarum
729 2963 885 3022 contemtu
914 2962 1014 3017 tamen
1047 2955 1208 3037 praeclara

196 3043 317 3103 virtutis
339 3042 434 3103 civilis
455 3040 688 3116 exercitatione,
715 3061 803 3121 quam
832 3043 891 3106 sibi
912 3043 1031 3104 scilicet
1051 3041 1207 3122 propriam

197 3147 270 3190 1111
287 3126 446 3200 volebant,
467 3126 548 3187 inani
567 3125 653 3188 iustu
674 3128 908 3211 superbiehent;
937 3128 1045 3207 quihus
1067 3128 1207 3190 omnihus

197 3215 270 3275 dum
297 3231 334 3273 ea
361 3210 570 3273 tantummodo
597 3213 710 3290 virtus,
742 3216 769 3276 si
796 3233 873 3293 quae
900 3214 989 3289 insit,
1015 3211 1206 3290 relinquitur,

198 3317 275 3379 quac
301 3298 427 3359 scientia
454 3297 495 3359 sit
523 3296 685 3375 destituta,
714 3306 749 3362 et
775 3318 833 3360 une
853 3305 939 3363 recta
959 3299 1134 3380 opinatione
1153 3303 1207 3360 ant
1270 3351 1273 3357 ,

196 3383 328 3446 naturali
348 3383 475 3463 quadam
495 3376 608 3463 ingenii
627 3385 763 3447 bonitate
784 3386 988 3459 contiueatur,
1015 3401 1206 3463 consequens
1268 3388 1271 3394 '

198 3475 265 3545 est,
292 3475 327 3530 ut
352 3471 383 3530 in
407 3468 535 3530 Socrate
562 3472 769 3533 tautummodo
792 3491 829 3532 ea
849 3471 996 3550 rapientia
1016 3470 1118 3529 inesse
1139 3469 1206 3531 exi-

198 3554 346 3617 stimanda
367 3555 425 3630 sit,
454 3574 531 3634 quae
553 3556 635 3615 omni
655 3557 762 3618 virtuti
781 3557 969 3616 fundamenti
988 3556 1058 3615 loco
1078 3546 1206 3616 subesse

197 3639 319 3703 dehent.
361 3636 502 3703 Pertinet
523 3640 652 3719 denique
670 3643 731 3705 huc
743 3643 836 3705 ctiam
850 3641 1072 3721 Euthydemus,
1092 3641 1124 3701 in
1145 3657 1205 3717 quo

87 3796 92 3805 ,
198 3743 295 3810 opere
330 3718 462 3807 eiplcslt
495 3744 600 3791 ranam
631 3727 713 3792 illam
743 3727 954 3811 garrulumque
990 3726 1205 3827 sophistarum,

200 3908 400 3927 ”uh—a-

232 4012 258 4097 ')
275 4026 366 4092 Neque
388 4026 456 4079 enirn
472 4028 601 4085 ‚credimus
618 4028 755 4083 Platonem
776 4031 871 4085 hancce
893 4033 1014 4085 virtutem
1039 4028 1144 4080 scientia
1160 4041 1204 4078 ca-

204 4126 211 4135 ·
285 4102 384 4151 rentem
401 4099 480 4164 vulgo
500 4098 632 4153 hominum
651 4099 707 4154 siue
724 4103 898 4158 contemtione
914 4101 1025 4171 quadem
1047 4096 1203 4177 attribuisse·
