2550 4598
145 252 148 257 ·
174 228 217 299 12
521 226 815 339 PllAltilet)

174 402 344 463 statinttr
362 397 535 462 Soomtioos
564 406 598 463 et
617 400 772 481 sophistas
792 397 1016 468 studiosissima
1036 396 1180 483 agitatam

173 504 245 557 esse
263 482 314 565 *),
341 504 401 547 nou
433 492 555 565 poterat
581 485 665 548 alind
692 486 762 565 qnid
791 505 830 547 ex
856 487 905 547 bis
926 484 1184 564 disputationibus

152 570 337 650 consequi,
367 590 456 660 qnanq
481 577 517 633 ut
545 591 565 632 e
583 573 701 633 ratione
723 572 941 655 sophistarum,
970 570 1084 650 quippo
1104 588 1181 649 qno⁴

173 677 242 725 rum
261 664 328 719 tota
347 642 455 717 virtum
465 662 552 719 certo
572 664 693 720 careret
711 657 922 731 fundamento,
942 654 1102 728 qdmodum
1123 654 1181 714 du-

174 743 244 803 bins
265 748 299 803 et
317 744 453 811 incertus
470 742 625 807 rideretur
645 745 742 805 omnis
762 745 802 806 ad
820 745 963 806 uirtutem
983 738 1181 807 institutionis

125 870 135 891 .
175 828 313 902 fructum
341 847 432 907 quum
458 827 593 889 Socratis
623 831 791 904 sententis,
818 829 885 909 qni
894 829 1040 889 virtutem
1061 844 1182 887 omnem

175 932 195 974 a
223 915 296 974 boni
323 914 494 992 cognitione
521 914 676 993 officiique
695 916 894 996 persuasione
911 913 1089 994 repetebat,
1119 912 1182 971 uti·

177 1017 238 1077 que
259 1000 328 1059 fieri
349 999 473 1072 liceret,
499 1006 535 1059 nt
558 1000 702 1064 rimandis
730 1001 974 1081 explicandisque
994 999 1105 1059 mentis
1126 1015 1182 1057 no-

176 1085 311 1155 tionibus
337 1084 374 1143 ad
403 1085 523 1147 virtutis
544 1089 742 1148 constantiam
770 1092 804 1148 et
823 1087 998 1149 firmitatem
1016 1083 1182 1149 adducere-

177 1189 254 1233 mur.
297 1169 403 1235 Tertia
431 1173 647 1234 sententiarum
674 1169 831 1234 diversitas
860 1172 994 1251 pertinet
1020 1168 1059 1229 ad
1080 1170 1184 1248 singu-

177 1255 274 1327 larum
294 1257 440 1317 uirtutum
460 1258 712 1319 necessitudinem
734 1265 767 1318 et
780 1258 1031 1327 coniunctionem.
1074 1254 1184 1317 Socra-

177 1347 228 1403 tes
255 1342 351 1415 enim,
381 1360 472 1421 quum
497 1344 556 1403 vim
578 1349 611 1402 et
630 1350 767 1404 naturam
794 1344 913 1403 virtutis
934 1360 1053 1403 omnem
1073 1341 1106 1401 in
1126 1358 1184 1399 una

178 1428 305 1487 solennia
331 1429 460 1489 maxime
487 1430 637 1490 contineri
663 1431 722 1492 albi
741 1430 961 1512 persuasisset,
990 1426 1069 1495 banc
1088 1427 1185 1506 ipsam

178 1512 219 1573 ob
241 1531 360 1579 oorrsam
382 1514 472 1573 etiam
487 1515 631 1574 virtutem
650 1535 770 1578 omnem
788 1517 821 1577 in
841 1533 877 1574 se
896 1533 985 1574 uuam
1005 1530 1076 1573 esse
1095 1517 1186 1603 atque

136 1608 146 1621 ⁵
178 1598 345 1676 simplicem
366 1599 541 1660 rectissimo
558 1601 671 1661 iudicio
692 1601 807 1660 statuit.
849 1601 1024 1677 Quanquam
1037 1598 1090 1658 illo
1110 1610 1187 1657 neu·
1242 1604 1249 1617 '

178 1685 293 1760 tiquam
323 1683 446 1743 sustulit
480 1685 664 1762 singularum
682 1687 842 1757 ,virtutum
881 1685 1071 1758 discrimina,
1107 1698 1184 1765 quas

179 1774 320 1845 tanquam
343 1769 479 1833 diversos
499 1771 587 1830 uarius
609 1771 682 1835 solis
703 1772 805 1832 radios
821 1770 955 1847 spectari
974 1775 1120 1848 oportere
1139 1769 1187 1827 iu-

180 1853 310 1916 dicabat.
354 1852 399 1914 lta
418 1854 515 1933 igitur-
532 1855 676 1917 lucillime
689 1856 857 1936 perspexit,
879 1873 957 1934 quae
977 1860 1062 1914 esset
1084 1871 1188 1914 earum

41 1958 46 1973 ¹
105 1936 108 1941 ⁴
178 1939 351 1999 constructio
376 1957 413 1999 ac
437 1941 642 2003 necessitudo.
684 1941 763 2019 Quid
799 1957 873 2002 vero
902 1939 1091 2018 Sopbistael
1131 1938 1187 1998 Ni-

148 2020 160 2041 ‘
180 2026 290 2088 mirum
311 2025 354 2099 bi,
374 2043 465 2103 quum
482 2028 563 2088 varia
576 2034 661 2089 esset
682 2034 715 2088 et
734 2044 807 2087 vero
823 2027 916 2087 etiam
930 2025 1078 2087 instabilis
1099 2043 1188 2102 quam

180 2110 330 2173 docebant
351 2129 454 2172 rerum
479 2112 529 2171 vel
549 2115 668 2177 utilium
689 2114 739 2173 sel
759 2111 952 2173 incundamm
974 2110 1189 2171 nanomoenda-

83 2212 106 2223 ··
180 2217 248 2257 rum
283 2192 362 2256 ratio
395 2214 432 2258 ac
459 2199 602 2274 scientia,
635 2199 776 2280 protecto
804 2216 862 2258 neo
891 2201 1008 2257 certum
1037 2196 1190 2257 habebant

178 2282 419 2362 ¹solidamentum,
441 2301 501 2360 quo
522 2286 664 2346 uirtutem
684 2285 774 2346 istam
796 2302 881 2346 suam
899 2282 987 2342 inniti
1007 2281 1191 2341 arbitraren-

57 2425 64 2455 ‚
166 2370 242 2430 tur.
290 2369 492 2445 Quamobrem
527 2371 644 2432 bacin
671 2390 708 2432 re
735 2370 849 2430 misere
875 2385 997 2445 semper
1023 2366 1191 2435 fluctuabat

182 2472 288 2515 eorum
317 2454 470 2519 indicium.
521 2456 637 2531 Quodsi
664 2457 746 2516 enim
773 2455 813 2514 de
841 2452 1023 2532 singularum
1046 2453 1191 2512 virtutum
1251 2468 1254 2475 ·

181 2541 445 2618 interrogabantur
466 2543 675 2603 coniunctione
703 2561 738 2602 ac
759 2538 996 2612 necessitudine,
1018 2557 1109 2616 quom
1130 2554 1192 2598 non

182 2640 270 2685 ubam
297 2632 350 2683 aut
378 2626 594 2686 immutabilem
630 2628 779 2686 sentirent
805 2644 875 2685 esse
901 2624 1054 2684 venandae
1084 2640 1192 2685 eonse-

183 2708 381 2789 qnondaeqne
402 2709 542 2770 utilitatis
564 2711 613 2769 vel
633 2708 827 2783 iucunditatis
848 2709 1006 2781 rationem,
1027 2726 1084 2768 uec
1105 2726 1194 2768 com-

183 2814 275 2857 muue
301 2794 494 2874 reperiebant
519 2796 687 2870 vinculum,
715 2812 775 2874 qno
803 2811 908 2855 omnes
929 2794 1012 2852 inter
1036 2810 1073 2853 se
1094 2796 1192 2852 couti-

183 2887 342 2954 nerentur,
361 2899 418 2941 nec
437 2886 538 2942 tamen
559 2900 673 2961 negare
694 2883 837 2961 poterant
852 2879 980 2939 virtutes
994 2896 1100 2937 omnes
1112 2878 1194 2938 inter

184 2986 268 3046 ,psus
293 2968 405 3026 arctius
434 2967 608 3037 cohaerere.
651 2966 801 3044 Quocirca
826 2965 944 3025 consilii
972 2964 1083 3041 inopes
1101 2963 1193 3024 modo

185 3052 318 3131 singulas
340 3052 580 3130 distinguebant,
602 3052 692 3113 modo
714 3051 832 3112 sublato
855 3051 935 3116 orani
957 3067 1060 3108 earnm
1082 3049 1208 3114 discri÷¹

185 3140 266 3200 mino
300 3157 387 3198 uuam
422 3140 633 3202 tantummodo
663 3157 734 3200 esse
771 3137 897 3199 aiebant.
954 3135 1040 3211 Quae
1070 3135 1193 3213 quidem

142 3242 148 3261 ¹
186 3223 336 3303 opinionis
367 3223 522 3285 fluctuatio
544 3231 577 3284 et
597 3225 796 3284 inconstantia
818 3221 988 3281 certissimo
1009 3240 1082 3280 sanc
1104 3240 1195 3299 argu-

186 3314 290 3371 mento
320 3308 380 3368 suit
413 3327 467 3368 eos
497 3310 617 3388 penitus
643 3311 799 3388 ignorare,
829 3307 967 3385 quidnam
997 3306 1073 3366 illud
1100 3314 1195 3382 esset,

186 3398 220 3458 iu
240 3414 299 3473 qao
320 3414 392 3458 uera
412 3395 535 3458 uirtbtis
554 3400 599 3468 sis
621 3401 655 3457 et
675 3402 780 3465 natura
801 3398 988 3455 cerneretur.

273 3480 334 3539 Sed
355 3480 431 3540 haec
460 3488 551 3558 atque
583 3480 640 3540 alia
670 3478 764 3540 multa
799 3497 890 3555 quum
925 3480 1053 3554 possent
1088 3492 1195 3557 nuum·

189 3582 339 3645 niuemque
360 3567 434 3628 sotis
457 3566 604 3639 edocere,
634 3566 737 3643 quanti
757 3564 896 3624 facienda
917 3566 1001 3621 esset
1021 3562 1081 3620 ista
1101 3560 1196 3619 virtu·
1237 3578 1241 3585 ·

189 3652 230 3713 tis
259 3650 431 3743 disciplina,
457 3658 558 3722 tamen
588 3652 649 3724 dici
680 3669 741 3737 non
770 3655 876 3744 potest
909 3666 998 3739 quam
1026 3645 1138 3720 multos
1160 3663 1198 3714 ea

224 3955 298 4022 )V.
315 3952 469 4020 Euthydem.
492 3971 516 4020 p.
534 3958 593 4005 til.
612 3955 696 4005 Ι).-,-
714 3957 773 4003 m.
792 3954 825 4007 B.
850 3958 908 4005 ιιι.
931 3952 961 4004 G.
987 3951 1067 4015 Gorg
1091 3964 1118 4014 p
1139 3951 1197 4001 5,.19

274 4023 401 4155 ⁸(limtl'pqon.
421 4039 449 4100 p.
471 4026 512 4075 ib
536 4024 570 4075 A.
593 4026 627 4078 al.
652 3997 765 4090 (ΞιιιιιΙ.ι
790 4023 824 4076 ad
847 4038 913 4099 quos
935 4023 1060 4083 librntt.
1041 4018 1196 4147 er'roleg
