2550 4598
163 224 206 288 ro
267 182 272 197 '
524 218 813 285 susurrum

248 391 315 457 Nec
341 390 449 453 mirum
478 397 534 457 eat·
553 389 673 454 virtutis
702 406 813 452 nomeu
833 388 938 470 plures
964 389 1177 452 adolescentes

165 484 258 561 atque
277 481 359 539 viros
380 485 453 539 tunc
473 477 512 537 ad
532 494 567 539 se
588 476 776 552 advertisse,
799 495 886 557 quam
908 476 975 535 lieri
997 476 1178 555 plerumque

166 566 256 629 solet.
299 565 395 641 Quam
417 565 497 626 enim
516 564 700 642 Protagoras
721 562 832 641 aliique
852 562 1062 640 intelligebant
1081 563 1178 622 virtu·

166 658 248 726 tem,
269 669 307 709 ea
327 651 418 728 louge
439 649 497 712 alia
520 656 589 710 erat
609 667 697 727 quam
720 667 796 726 quae
817 647 993 726 vulgo'dici
1010 647 1180 726 haberique

116 814 118 818 Ι
167 735 250 799 solet
269 731 314 814 *).
367 735 488 815 Quippe
517 735 629 795 abusus
661 733 716 793 ille
742 733 869 793 nominis
896 733 1092 812 ambiguitate
1118 751 1180 794 non

168 820 338 885 honestatis
358 839 394 880 ac
414 821 575 902 probitatis
597 819 751 901 pollicitus
773 824 824 878 est
844 818 1045 897 disciplinam,
1065 817 1120 879 aed
1142 819 1180 877 il·

169 906 223 975 lud
268 907 347 966 onus
369 907 447 984 egit,
474 912 509 967 ut
530 906 710 985 prudentiae
730 905 824 964 uirilis
845 918 880 964 uc
901 903 1086 965 domesticae
1106 904 1180 965 arti·

171 992 225 1055 fex
244 925 425 1067 laberetur,
448 993 595 1070 siquidem
616 993 681 1052 eius
702 989 853 1050 institutio
875 990 971 1050 omnis
993 991 1121 1049 maxime
1142 989 1182 1051 ed

170 1076 324 1160 politicam
359 1082 392 1136 et
425 1078 647 1138 oeconomicam
677 1075 769 1136 rediit
790 1071 848 1154 **).
898 1075 973 1151 Quis
1001 1081 1052 1135 est
1079 1079 1182 1134 autera
1268 1082 1271 1087 ’

172 1163 243 1241 quin
264 1169 375 1240 sponte
396 1162 496 1222 videat
516 1163 594 1221 banc
615 1160 671 1221 viri
693 1161 806 1222 eruditi
827 1164 860 1220 et
880 1159 1036 1238 praeclaro
1051 1159 1183 1239 praediti

170 1249 293 1327 iugenio
315 1247 538 1327 professionem
559 1253 679 1309 mentes
700 1248 873 1322 animosque
894 1246 1048 1305 bominum
1069 1264 1107 1305 eo
1128 1263 1183 1307 ve-

170 1334 344 1397 hementius
373 1334 544 1414 percellere
570 1332 728 1405 debuisse,
765 1350 825 1409 quo
852 1331 948 1407 magis
974 1331 1055 1391 inter
1069 1329 1181 1392 'Athe-

171 1419 294 1481 uieusea
306 1419 367 1477 illis
383 1419 570 1499 temporibus
584 1418 731 1497 regnabat
744 1416 935 1495 publicorum
956 1415 1105 1477 bonorum
1125 1435 1182 1478 cu-

172 1504 283 1585 piditas
304 1504 440 1582 mulaque
460 1504 607 1564 ambitio‘l
648 1503 796 1564 Nimirum
818 1503 862 1560 ita
882 1520 979 1581 paene
1000 1503 1183 1565 necessitate
1237 1502 1242 1519 ¹

173 1591 300 1667 quadam
320 1589 436 1650 factum
458 1594 523 1662 est,
547 1588 628 1665 quod
650 1586 765 1649 iactuum
787 1605 855 1646 esse
877 1588 1032 1662 novimus,
1059 1593 1094 1646 ut
1113 1586 1183 1647 fere

152 1675 274 1737 'nullus
296 1680 381 1734 esset
408 1673 505 1733 laudis
527 1673 666 1750 cupidior
687 1673 885 1747 adolescens,
914 1673 986 1751 quin
1006 1691 1041 1735 se
1062 1673 1117 1733 tali
1137 1672 1183 1732 di-

173 1759 301 1838 sciplina
322 1765 355 1820 et
369 1759 558 1819 institutione
571 1757 632 1821 frui
647 1777 735 1836 quam
750 1759 876 1817 maxime
887 1758 989 1818 uellet.
1032 1757 1077 1819 Ao
1098 1764 1184 1818 tauto

175 1845 384 1907 vehementius
411 1843 489 1903 baec
515 1844 615 1905 studio
643 1843 841 1922 plurimorum
867 1844 1022 1905 homiuum
1054 1844 1184 1904 excitata

174 1936 263 2002 sunt,
290 1931 371 2006 quod
399 1929 580 2008 Protagoras
609 1930 736 1991 consilio
765 1948 837 1990 saue
859 1928 1094 2008 prudentissimo
1116 1948 1184 1988 cum

174 2015 365 2078 institutione
385 2015 422 2075 ad
443 2016 587 2092 uirtutem
607 2015 725 2075 ciuilem
749 2016 951 2095 coniungebat
971 2016 1046 2076 artis
1064 2015 1186 2075 dicendi

175 2098 381 2181 disciplinam,
412 2120 470 2178 qua
497 2101 519 2161 ii
540 2117 644 2161 omnes
668 2100 717 2161 vel
738 2102 866 2161 maxime
885 2100 1023 2181 indigere
1043 2100 1186 2161 videban-

175 2192 244 2261 tur,
276 2186 328 2265 qui
348 2186 462 2247 vellent
482 2187 514 2246 in
535 2204 590 2246 suaa
610 2185 747 2264 ipsorum
768 2188 891 2247 civitate
911 2186 948 2248 ed
969 2186 1097 2264 aliquam
1119 2184 1185 2265 gio-

76 2326 79 2331 .
146 2332 149 2337 ,
174 2272 252 2334 riam
274 2274 537 2333 etauctoritatem
559 2273 727 2351 pervenire.
768 2272 891 2332 Etenim
913 2270 1056 2351 quidquid
1077 2272 1125 2330 uel
1147 2272 1187 2333 ad

175 2356 345 2419 disserendi
371 2358 571 2420 subtilitatem
598 2358 647 2421 vel
672 2356 709 2420 ad
740 2356 860 2420 dicendi
886 2355 1064 2421 facultatem
1084 2358 1186 2437 perti·
1257 2387 1261 2394 ·

174 2461 250 2504 nere
269 2442 441 2519 videretur,
469 2443 502 2503 id
525 2462 614 2507 omne
634 2442 688 2507 ille
710 2442 848 2509 doctriua
868 2448 901 2505 et
921 2442 1112 2505 institutione
1133 2461 1188 2502 sua

175 2528 352 2608 complexus
379 2535 436 2592 est.
479 2528 584 2611 ltaque
613 2546 739 2607 operam
769 2530 853 2596 dedit
873 2529 1087 2609 grammaticae
1107 2522 1186 2606 ***),

124 2620 127 2625 ’
175 2631 266 2691 quam
294 2615 384 2676 etiam
410 2615 533 2697 scriptis
558 2614 739 2687 illustrarim
774 2616 915 2676 tractavit
948 2615 1023 2674 item
1052 2612 1186 2675 rbetori-

176 2716 259 2770 cam,
287 2698 372 2757 cuius
400 2696 568 2759 efficaciam
596 2702 689 2775 atque
714 2696 789 2779 vim,
804 2715 917 2775 augere
949 2704 983 2758 et
1003 2699 1188 2781 amplificare

175 2783 304 2847 studuit¹
326 2780 462 2844 adsumta
490 2786 649 2863 poetarum
675 2782 942 2859 interpretatione,
972 2800 1049 2864 quae
1082 2784 1186 2862 singu-

174 2867 275 2933 lorum
295 2867 432 2931 locomm
454 2867 619 2929 sententias
641 2865 793 2927 subtiliter
815 2867 977 2928 rimaretur
998 2860 1099 2943 ****);
1131 2865 1190 2927 aed

176 2954 309 3017 omnium
337 2952 559 3015 studiosissime
586 2951 752 3013 elaboravit
780 2953 811 3012 iu
839 2950 1023 3027 dialecticis,
1048 2957 1084 3011 ut
1109 2953 1188 3013 adeo

175 3036 360 3105 Socraticam
385 3037 559 3116 disputandi
587 3038 744 3111 rationem¹
767 3036 988 3115 quodammodo
1020 3037 1188 3115 praeivisse

175 3123 224 3185 vel
237 3123 425 3195 ‚formavisse
444 3122 593 3195 iudicatus
614 3123 655 3183 sit
673 3120 721 3202 †).
765 3123 939 3201 Quanquam
961 3142 999 3183 eo
1021 3124 1051 3183 in
1073 3141 1188 3200 genero

174 3215 301 3295 argutae
323 3209 484 3276 subtilitati
504 3214 596 3294 atque
624 3208 753 3314 acumini
779 3213 897 3277 uatum
920 3207 1029 3277 tribuit
1041 3203 1124 3293 ἣ),
1152 3214 1188 3275 ot

191 3394 387 3413 m

244 3511 270 3579 ’)
287 3511 319 3566 V.
335 3512 458 3580 Prolegg.
476 3509 512 3565 ad
528 3510 677 3567 umorem.
754 3470 757 3475 Δ
789 3474 800 3493 ⁴

231 3597 268 3665 ⁸')
284 3597 423 3719 lpwi'llpt
448 3597 555 3666 Proteg.
571 3603 676 3677 patio.
693 3597 726 3653 Α.
743 3566 855 3666 Men.⁸p.
876 3601 917 3652 ol.
935 3597 969 3655 A·
987 3595 1139 3667 liutbydem.
1158 3614 1185 3670 p.
1263 3668 1266 3672 ,

219 3748 266 3819 ’”)
283 3750 315 3805 V·
334 3751 423 3804 Plat.
440 3751 552 3806 Phaedt·
570 3767 596 3819 p.
613 3755 672 3803 aet.
691 3751 722 3810 C.
740 3752 840 3818 craul·
859 3768 885 3821 P·
905 3754 965 3806 ³9¹·
983 3751 1016 3803 Α·

83 3911 87 3916 ,
122 3822 123 3827 ’
208 3835 517 3973 '⁶''ii1'212'813t1‘r0t
547 3854 574 3909 p·
599 3841 651 3891 aas
672 3852 728 3904 sqq.
761 3837 922 3917 tremiss.
949 3837 1036 3893 crate
1064 3832 1185 3893 ml.

227 3990 262 4057 †)
278 3990 314 4044 V.
326 3990 421 4057 ni'cg,
436 3989 527 4046 Laert.
545 3990 597 4057 111,
615 3996 659 4049 8¹1.
675 3988 724 4057 lX,
745 3994 786 4049 bi.

211 4074 267 4146 ἡ)
285 4075 316 4131 V·
335 4074 421 4131 Plat.
439 4075 518 4145 Sopb.
534 4092 560 4145 p.
579 4081 638 4130 2³².
658 4077 690 4130 i).
709 4075 803 4148 Diog.
826 4076 858 4135 h.
876 4075 921 4135 IX,
941 4083 981 4133 sa.
1107 4156 1114 4163 ο
