2550 4598
149 230 199 297 ar
407 279 411 295 .
524 218 829 293 ra‘auuauro
932 182 995 300 ,’

36 417 42 423 ·
155 398 356 483 avolrrptale
385 418 453 464 esse
481 402 678 482 separandam
709 396 849 483 egregrie
878 392 1036 480 docuit‘*).
1078 395 1171 475 Quod

156 490 184 551 si
204 486 394 568 suspicamur
406 489 619 563 emicuisse
639 488 728 562 ideo,
759 494 794 548 nt
815 504 892 565 quae
912 485 944 546 in
962 482 1172 561 Protagoras

156 575 365 654 sophistarum
381 568 652 663 ..numquamne
673 572 883 646 disseruisset,
913 564 1026 631 erroris
1047 568 1171 631 conclu·

156 667 243 721 caret
271 644 655 749 simrrlquc⁵‘ds,'rgnl'·lpsirrs
677 654 856 719 seutentiam
883 652 1015 715 dilucide
1035 671 1171 735 expone,-

143 751 231 825 gret,
244 763 304 805 non
330 756 479 805 veremur·
498 744 538 804 tie
565 755 683 805 temere
707 743 850 803 hariolari
880 741 1043 801 rideantur.
1092 739 1171 801 Nam

124 860 129 881 ι
154 831 213 889 alla
235 830 325 895 etiam
349 832 383 890 in
411 829 464 893 illo
495 830 582 893 lilrso·
592 828 805 908 reperiuntur,
826 845 904 907 quae
922 843 984 887 nou
1004 826 1111 905 inepte
1130 825 1172 903 ad

155 914 353 993 Protagoram
373 915 525 975 retuleris.
567 914 718 991 Quorsum
741 914 896 992 pertinent
918 928 995 990 quae
1015 911 1056 971 de
1069 911 1170 971 scion-
1196 966 1200 975 .

155 1001 217 1060 tiae
238 1008 271 1060 et
290 1000 455 1080 voluptatis
474 1000 646 1061 discrimine
667 1000 766 1078 deque
778 996 967 1059 fortitudinis
984 996 1169 1058 cumscien-

155 1086 198 1146 tia
220 1086 431 1146 coniunctione
452 1090 641 1165 exponuntur
654 1082 711 1159 **).
755 1083 872 1160 Quodsi
892 1088 992 1142 autem
1014 1100 1066 1154 ea,
1090 1098 1170 1160 quase

154 1171 188 1230 in
216 1169 383 1249 Protagora
408 1172 564 1250 sophistae
584 1170 704 1232 ridendi
731 1187 821 1228 causa
848 1189 868 1230 e
894 1168 977 1246 uulgi
1002 1173 1094 1245 abprre
1115 1184 1170 1227 so-

76 1269 79 1273 ·
155 1254 325 1334 phistarum
345 1257 463 1316 ratione
486 1255 686 1331 disseruntur,
707 1255 739 1315 in
755 1254 870 1332 Gorgia
891 1271 928 1312 cx
948 1251 1046 1331 ipsius
1068 1252 1169 1331 pbilo-

156 1340 248 1420 sopbi
266 1350 369 1403 mente
391 1347 424 1402 et
446 1343 596 1417 sententia
614 1342 663 1401 rel
685 1341 804 1401 brevius
826 1342 1037 1421 proponuntur
1052 1338 1169 1421 salm-

154 1427 271 1505 piosius
292 1427 498 1505 disputantur,
520 1444 609 1487 tremo
638 1432 687 1487 est
716 1427 786 1504 quin
811 1424 902 1487 facile
925 1424 1069 1502 largiatur
1092 1421 1169 1482 Pro·

156 1518 292 1590 tagoram
314 1520 384 1573 ante
406 1512 549 1590 Gorgiam
570 1513 601 1572 in
623 1512 720 1572 lucem
734 1509 886 1590 prodiisse
897 1509 1003 1569 videri.
1046 1509 1174 1588 Quippe.
1198 1564 1202 1577 ,

123 1648 129 1675 ,
154 1596 253 1656 altera
279 1595 337 1657 hac
366 1597 531 1676 scriptione
552 1596 754 1675 pbilosopbns
777 1614 883 1654 cavere
904 1593 1008 1668 uoluit,
1029 1611 1070 1652 ne
1091 1610 1169 1671 «purae

78 1743 85 1753 ,
119 1696 134 1713 ’
155 1683 187 1741 ἰιι
207 1681 262 1760 illo
283 1698 424 1740 sermone
445 1686 574 1760 propter
591 1681 709 1743 ridendi
722 1681 903 1760 ludendique
918 1679 1075 1740 consilium
1089 1679 1174 1761 scri-g

156 1770 261 1843 premi
297 1767 420 1835 sinistre
445 1768 665 1847 acciperentur,
712 1764 772 1825 lam
802 1767 828 1826 si
854 1768 958 1825 rerum
986 1770 1053 1839 est,
1084 1761 1169 1840 quood

134 1848 290 1911 Praefat.
312 1850 349 1911 ad
371 1846 465 1930 Gorg.
487 1872 517 1930 p.
539 1852 591 1912 ab.
613 1871 658 1930 sq.
672 1850 905 1926 observavimus,
930 1849 1072 1930 Gorgiam
1085 1848 1168 1910 baud

142 1935 199 1995 ils
216 1934 313 1997 multo
333 1942 406 2016 post
427 1929 563 1998 Socralis
585 1937 699 1997 obitum
722 1937 868 2016 scriptum
889 1934 994 2008 sideri,
1016 1934 1181 2015 Protagoffi

152 2038 205 2081 ras
225 2025 403 2082 certe-aute
423 2023 560 2091 eiusdem
581 2021 800 2082 damnationem
821 2029 854 2082 et
875 2021 1055 2101 supplicium
1076 2019 1168 2080 litte·

62 2144 67 2157 ι
155 2106 200 2165 ria
221 2106 415 2184 consignatus
435 2115 494 2168 est.
538 2101 837 2187 Quam'sententiam
857 2109 948 2166 etiam
976 2106 1035 2165 lroc
1138 2112 1141 2117 “

10 2190 14 2199 ’
43 2256 50 2277 ι
153 2197 233 2266 mat,
263 2191 343 2270 qnod
371 2211 410 2252 ne
437 2193 573 2253 litterula
601 2194 723 2272 quidem
757 2194 788 2252 in
822 2210 860 2252 eo
886 2104 1182 2439 reperim*

153 2276 275 2351 tristem
301 2278 440 2357 magistri
465 2283 581 2338 sortem
608 2278 779 2359 significare
807 2278 960 2352 videatur,
982 2278 1022 2337 lic
1165 2330 1178 2353 .,

23 2396 29 2405 ι
65 2393 68 2397 v
153 2354 289 2422 mentum
310 2364 350 2423 sit
372 2362 530 2438 eiusmodi,
552 2369 586 2422 ut
604 2362 694 2423 buius
716 2364 763 2423 rei
783 2359 902 2422 rncutio'
920 2361 1065 2422 facillima

154 2447 299 2524 potuerit.
343 2446 600 2525 Quemadmodum
614 2467 686 2510 uero
701 2447 846 2527 Gorgiam
866 2448 1023 2528 probabile
1045 2453 1094 2507 est
1107 2466 1168 2507 nou

153 2533 198 2593 ita
223 2533 327 2594 multis
356 2535 439 2594 antris
468 2539 540 2614 post
565 2528 729 2595 Menonem
759 2531 874 2594 editum
899 2552 986 2608 esse,
1016 2550 1168 2612 quocum

154 2614 234 2677 libro
254 2636 362 2696 magno
391 2621 420 2678 ei
440 2620 605 2679 intercedit
623 2627 689 2679 tum
710 2616 879 2698 argumenti
906 2624 971 2679 tum
994 2618 1113 2680 consilii
1134 2624 1168 2679 et

155 2701 281 2769 rationis
312 2702 494 2791 similitudo,
522 2705 564 2763 ita
591 2703 790 2783 Protagoras,
819 2705 932 2783 qnippe
961 2703 1169 2764 comeciam

155 2785 242 2865 libro,
256 2789 426 2865 argumenti
447 2789 574 2867 quadam
595 2790 775 2868 cognatione
796 2791 986 2864 conuiuatus,
1008 2790 1084 2851 item
1096 2798 1167 2850 'uon

155 2868 267 2950 magno'
286 2872 322 2932 ab
344 2890 383 2933 eo
404 2879 539 2934 remotus
559 2873 678 2936 ridetur
690 2876 837 2953 temporis
850 2874 1016 2937 intervallo.
1057 2873 1167 2952 Neque

155 2963 255 3017 tamen
279 2956 558 3020 Solsleiernraclrero
570 2961 730 3034 assentior,
753 2961 803 3038 qui
824 2956 989 3023 Meconem
1002 2966 1073 3039 post
1088 2959 1168 3026 Pro-

156 3049 291 3120 tagoram
313 3043 427 3104 editum
447 3045 619 3106 arbitratur.
660 3046 767 3127 Neque
783 3046 862 3105 eninr
877 3046 907 3105 in
922 3043 1057 3105 Menona
1075 3044 1167 3107 istam

125 3166 142 3183 .
157 3128 338 3206 elegantiam
361 3135 393 3189 et
413 3132 606 3205 suavitatem,
635 3131 752 3210 copiam
779 3138 871 3209 atque
892 3131 1079 3205 ubertatem,
1108 3129 1168 3191 de-

155 3213 247 3290 nique
272 3219 370 3299 artem
397 3221 489 3292 atque
516 3213 738 3295 perfectionem
766 3216 916 3291 invenias,
945 3234 1034 3295 qnam
1059 3233 1167 3277 omues

154 3299 185 3357 in
201 3297 367 3376 Protagora
388 3298 579 3361 admirantur.
623 3301 763 3376 Accedit,
785 3301 865 3378 quod
887 3299 1090 3366 non'ditlleile
1114 3308 1188 3363 est'

82 3442 89 3459 Ι
154 3384 194 3442 ad
214 3382 459 3463 intelligendum,
483 3387 533 3463 qui
554 3385 667 3448 factum
688 3387 744 3461 sit,
771 3393 805 3446 ut
826 3386 1044 3467 philosophus,
1072 3405 1170 3465 quum

154 3467 186 3529 in
212 3467 265 3527 illo
292 3469 372 3530 libro
399 3471 585 3532 ostendisset
613 3473 767 3552 sophistas
803 3478 836 3531 ct
863 3473 945 3534 viros
974 3471 1079 3532 civiles
1104 3491 1166 3536 noa

63 3628 67 3637 Ι
154 3570 225 3612 csse
245 3553 370 3616 idoneos
390 3556 510 3617 uirtutis
530 3558 708 3636 magistros,
737 3557 851 3637 quippe
881 3558 935 3637 qni³
951 3574 972 3616 a
991 3575 1081 3618 verae
1102 3559 1166 3619 uir-

152 3638 228 3699 tutis
249 3641 420 3717 cognitione
448 3645 480 3701 ct
507 3644 722 3704 exercitatione
748 3641 926 3721 longissime
945 3640 1104 3718 abessent,
1131 3645 1167 3706 iu

115 3782 117 3789 .
152 3722 321 3803 Protagora
341 3744 446 3790 rursus
464 3727 619 3808 sophistes
639 3744 766 3810 carpere
778 3726 918 3794 voluerit.
959 3726 1082 3810 Quippe
1094 3728 1166 3793 uui·

137 3828 171 3873 ’,
252 3840 263 3877 r

158 3893 355 3912 Μ

66 4068 70 4077 1
119 3998 121 4003 ’
186 4010 210 4075 ⁸)
228 4010 260 4060 V.
278 4011 360 4076 Gorg.
380 4023 407 4075 p.
427 4014 486 4062 sot.
505 4027 563 4078 sqq.

173 4079 209 4144 ”)
227 4079 258 4132 v.
277 4095 302 4147 p.
321 4083 380 4130 aaa.
399 4077 429 4128 C.
448 4095 504 4144 sqq.
