2550 4598
272 234 314 299 rs
630 228 916 297 ιιιιιιιιο
960 308 964 317 ,

273 422 339 468 rem
374 408 515 485 gereret,
545 402 687 467 uolrrerat
722 421 792 466 eum
819 423 837 466 ι
863 399 989 465 consilio
1024 420 1080 465 suo
1108 397 1270 475 deterrere

169 530 173 537 -
273 490 411 569 adeoque
429 508 488 551 una
508 509 576 553 cum
596 508 635 550 eo
655 488 694 550 ad
714 489 851 564 Galliam,
872 489 923 549 uhi
942 488 1124 567 Protagoras
1146 486 1267 549 diversa

273 576 374 651 batur,
396 594 487 654 quum
504 575 571 637 dies
590 576 749 651 illuxisset,
770 581 958 657 perrexerat.
979 573 1015 661 1).Ι
1034 573 1272 640 eoo-etth

359 691 492 773 ingressi
507 691 617 755 calliae
638 693 760 756 domum
781 690 1057 775 splendidissimum
1076 690 1179 752 vident
1199 691 1266 752 viro

276 775 356 841 rum‘
380 780 580 858 iuvenumque
613 785 802 842 conventum.
852 777 1050 858 conspiciunt
1081 775 1242 854 Protagor
1270 806 1274 829 ι

276 864 393 944 ingenti
413 864 544 925 cinctum
565 861 735 926 auditorum
756 879 866 926 corona
880 871 912 923 et
931 866 1012 923 inter
1032 880 1191 923 sermones·
1211 880 1264 921 cnr

248 956 251 961 ’
277 951 315 1011 ιιι
337 948 469 1029 graviter
490 947 738 1011 deambulantem.
782 947 979 1029 conspiciunt
992 949 1022 1007 in
1044 946 1139 1006 altera
1160 946 1250 1007 aedin
1269 976 1273 1001 ι

253 1034 256 1039 ’
277 1043 366 1115 parte
388 1032 531 1113 Hippiam
545 1032 655 1094 Eleum
675 1037 706 1095 ln
727 1033 804 1095 solio
825 1034 984 1095 sedentem
1002 1038 1035 1092 et
1055 1050 1157 1092 coram
1178 1031 1275 1092 multi

276 1118 528 1179 declamitantem.
583 1119 778 1199 conspiciunt
811 1118 941 1198 deniqne
986 1118 1076 1177 etiam
1118 1116 1252 1177 Prodicu

277 1204 373 1265 (lenm
393 1203 527 1264 molliter
545 1203 578 1264 in
599 1204 713 1264 lectudo
733 1203 978 1277 decumbentem,
1000 1203 1073 1264 item
1094 1221 1201 1278 magna
1221 1203 1268 1263 eir

277 1289 448 1350 cumdatum
477 1289 639 1350 amicornm
667 1295 700 1350 et
727 1289 918 1350 familiarium
945 1293 1076 1351 catena.
1116 1286 1174 1373 llis
1197 1305 1272 1364 quas

278 1374 485 1453 obstupefacti
506 1374 723 1454 aliquantisper
744 1380 915 1447 morantnr3
936 1372 1058 1435 tandem
1079 1368 1116 1432 ad
1130 1371 1268 1454 Protago

277 1478 341 1521 ram
363 1459 509 1521 accedere
532 1460 731 1522 constituunt.
773 1458 809 1520 P.
830 1460 903 1520 olo.
925 1458 962 1522 lt.
986 1492 1024 1505 -
1046 1458 1123 1523 816.
1143 1456 1180 1520 A.

334 1630 338 1639 .
363 1576 536 1656 Compellat
564 1596 634 1638 eum
654 1576 796 1640 Socrates
816 1577 876 1650 ita,
902 1582 937 1638 ιιι
957 1569 1026 1638 alite
1044 1577 1142 1638 omnia
1161 1590 1275 1640 causa·

191 1722 195 1733 ,
277 1663 412 1741 aperiat,
436 1681 491 1721 cur
510 1662 571 1722 huc
591 1664 746 1735 venerint,
775 1662 884 1722 deinde
903 1661 1122 1742 Hippocratem
1141 1667 1253 1740 tanqua
1273 1693 1275 1715 ι

277 1746 416 1807 iuvenem
436 1753 469 1806 et
488 1765 636 1826 generosa
656 1747 759 1807 indole
781 1747 950 1825 praeditum
974 1755 1006 1808 et
1025 1748 1119 1808 nobili
1139 1746 1209 1806 loeo
1230 1767 1268 1807 na

195 1901 198 1905 ,
277 1836 344 1892 tum
365 1834 565 1894 commendet.
609 1833 723 1911 Optare
745 1839 846 1892 aulem
866 1851 936 1892 sese
957 1835 1014 1907 ait,
1041 1839 1076 1892 ut
1105 1833 1164 1894 sibi
1192 1833 1272 1893 licea

278 1916 445 1996 paullisper
467 1937 533 1977 eum
555 1919 622 1997 ipso
643 1917 682 1977 de
699 1917 899 1978 adolescentis
912 1918 1110 1991 institutione,
1132 1936 1190 1994 qua
1210 1938 1271 1978 usu

279 2018 332 2061 rus
354 2003 411 2078 sit,
433 2000 580 2083 colloqui,
602 2003 664 2062 sire
684 2002 716 2062 id
738 2003 864 2063 remotis
883 2002 1004 2064 arbitris
1026 2004 1094 2063 fieri
1114 2003 1197 2077 velit,
1220 2004 1265 2062 sir

213 2119 214 2122 =
279 2086 338 2161 ιιι,
364 2092 399 2147 ιιι
427 2089 523 2147 ceteri
552 2087 692 2149 censivae
720 2089 851 2148 audiant.
895 2087 978 2165 Quae
1006 2094 1162 2166 postrema
1190 2089 1275 2148 verb

43 2188 50 2195 ·
279 2170 410 2232 animum
432 2172 590 2250 sophistae
604 2178 739 2253 pungunt
758 2172 894 2233 mirifice.
937 2171 1095 2233 Praedicat
1108 2173 1201 2253 igitur
1220 2192 1262 2232 ιιι

277 2254 391 2317 bitiose
418 2262 515 2319 artem
543 2276 628 2318 suum
654 2264 793 2337 tanquam
814 2257 1063 2337 antiquissimam,
1077 2300 1081 2309 .
1094 2263 1204 2338 utpote
1223 2258 1244 2317 i
1262 2287 1275 2313 ιι

278 2341 316 2400 ab
345 2338 497 2416 Homero,
526 2341 681 2417 Hesiodo,
711 2343 881 2417 Simonide,
911 2342 1052 2420 Orpheo,
1074 2343 1139 2403 aliis
1161 2342 1271 2405 factito

269 2431 360 2499 ''tam3
387 2428 442 2487 sed
470 2446 527 2507 per
555 2427 707 2487 hominum
726 2429 883 2503 invidiam,
913 2441 1000 2507 quam
1027 2429 1184 2506 sophistae
1205 2447 1267 2493 nun

279 2529 367 2588 quam
390 2531 448 2574 non
470 2513 588 2592 experti
610 2514 688 2587 sint,
712 2511 826 2574 factum
849 2531 918 2573 esre
941 2514 1144 2591 conqueritur,
1166 2520 1202 2573 ιιι
1222 2514 1270 2573 ιιι

278 2596 392 2656 rissimi
414 2598 458 2657 illi
477 2600 532 2657 viri
555 2597 778 2676 professionem
799 2598 974 2675 disciplinae
995 2599 1194 2678 sophisticae,
1217 2599 1268 2658 alii

280 2681 449 2741 nominibus
471 2682 651 2763 insignitam,
672 2682 808 2743 studiose
829 2682 1061 2742 occultaverint:
1084 2684 1173 2762 longe
1195 2683 1268 2745 alite

279 2769 381 2824 tamen
408 2783 481 2825 sese
507 2766 610 2826 facere
627 2765 752 2839 solere,
788 2775 822 2828 ut
853 2767 903 2846 qui
929 2767 1054 2827 aliorum
1082 2769 1222 2829 invidiam
1250 2789 1270 2829 e

280 2847 382 2909 odium
402 2852 477 2911 nihil
492 2852 606 2911 veritus
629 2870 663 2910 se
686 2853 852 2930 'sophistam
874 2853 969 2913 libere
981 2853 1119 2933 profiteri
1133 2873 1253 2934 nunqua
1273 2886 1275 2908 ι

282 2935 470 2996 dubitaverit.
520 2936 624 3014 ltaque
652 2938 726 2997 nihil
754 2940 796 2997 ait
826 2939 1007 3018 prohibere,
1037 2958 1096 3016 quo
1118 2941 1216 3000 minus
1244 2939 1275 2998 d:

219 3034 223 3041 ·
278 3017 475 3098 Hippocratis
495 3022 685 3084 institutione
707 3041 806 3100 coram
830 3023 966 3093 omnibus
989 3023 1171 3105 colloquium
1191 3026 1267 3086 insti

277 3110 372 3165 tuant.
413 3104 448 3166 P.
464 3108 537 3167 tle.
560 3112 596 3169 A.
618 3141 657 3153 -
678 3109 750 3168 317.
774 3109 807 3168 (l.

362 3204 457 3266 callia
477 3213 601 3270 anctore
613 3209 650 3270 fit
662 3226 832 3270 consessus.
875 3210 1079 3271 Arcersuntur
1099 3209 1188 3269 etiam
1205 3208 1268 3271 Pro

277 3291 381 3367 dicus,
408 3291 556 3372 Hippias,
583 3293 641 3355 alii.
683 3293 783 3354 Etiam
809 3294 998 3370 Alcibiades,
1033 3301 1201 3373 perpetuus
1228 3296 1275 3355 ill

273 3376 411 3439 Socratis
432 3383 616 3451 assectator,
645 3378 796 3456 colloquio
817 3381 954 3442 interest.
998 3378 1123 3440 Orditur
1142 3381 1202 3440 iam
1224 3380 1267 3442 So

277 3468 377 3523 crates
400 3481 569 3524 sermonem
590 3464 643 3538 ila,
664 3468 698 3522 ut
720 3483 757 3522 ex
785 3464 953 3544 Protagora
982 3471 1115 3543 quaerat,
1143 3466 1243 3542 quidn
1272 3496 1275 3519 ι

222 3578 226 3585 ·
276 3547 416 3608 utilitatis
436 3548 615 3629 Hippocrati
636 3548 701 3608 eius
723 3553 910 3612 consuetudo
930 3571 965 3613 ac
986 3549 1143 3629 disciplina
1155 3551 1248 3613 allatu
1272 3596 1273 3602 ι

277 3633 328 3692 sit.
370 3631 548 3712 Respondet
575 3632 712 3712 sophista
740 3653 846 3714 magua
871 3655 939 3698 cum
967 3637 1013 3696 sul
1042 3636 1183 3697 iactantia
1212 3654 1230 3696 e
1260 3664 1274 3690 ιι

275 3716 336 3778 hoe
365 3719 514 3778 commodi
533 3719 602 3780 inde
629 3725 861 3798 percepturum,
888 3727 924 3781 ut
951 3719 1086 3799 qnotidie
1109 3722 1218 3783 melior
1245 3742 1275 3782 ιι

276 3802 441 3881 sapientior
455 3804 566 3865 eradat.
609 3802 706 3864 Porro
722 3811 822 3864 autem
838 3800 1037 3885 interroganti
1058 3805 1188 3879 Socrati,
1206 3826 1266 3884 qua

274 3906 342 3947 nam
364 3888 395 3949 in
415 3908 450 3946 re
471 3895 505 3949 et
526 3890 563 3948 ad
583 3888 654 3967 quid
674 3888 781 3948 melior
803 3892 843 3951 rit
865 3910 1023 3965 evasurus,
1056 3888 1272 3969 cum'superb

272 3972 398 4034 aliorum
424 3973 626 4052 sophistarum
655 3976 856 4036 contemtione
884 3995 943 4037 non
979 3997 1046 4037 erun
1083 3978 1125 4037 ait
1157 3977 1188 4036 iu
1219 3979 1264 4038 ari

271 4057 445 4135 thmeticae,
459 4061 670 4137 astronomiae,
686 4062 881 4141 geometriae,
895 4063 1029 4131 musicae
1042 4061 1150 4126 studiis
1164 4061 1271 4127 inutr
