2550 4598
446 221 500 287 au
520 219 817 289 nuoroaonnn.
997 202 1005 221 “
1097 228 1141 294 ιι

133 394 198 454 eius
219 391 331 455 iudicia
351 391 395 453 ita
414 390 511 453 utitur
531 390 685 470 Socratae,
706 400 741 455 nt
762 362 830 458 eum
851 393 963 460 deliine
982 396 1139 463 dialectica

132 480 329 539 subtilitate
319 497 349 539 ιι
371 494 515 538 summam
536 480 654 540 consilii
675 480 804 558 inopiam
826 470 981 550 coniiciat:
1014 485 1139 565 Colligit

131 565 211 647 enim
243 564 314 624 uide
341 563 414 624 satis
443 562 579 643 captiose
605 564 696 624 rebn's
717 566 759 625 ita
781 570 961 645 comparatis
981 570 1138 647 iristitiam,
1206 606 1210 613 ·

133 640 246 729 qnippe
268 667 345 743 quae
367 668 384 707 ι
406 649 567 708 sanctitate
596 649 729 710 diuersa
727 652 789 725 sit,
819 652 909 728 plane
930 653 1004 713 nihil
1024 657 1146 736 salicti„

131 736 205 795 tatis
234 753 304 795 esse
318 733 523 808 habituram,
560 754 596 794 ac
623 735 754 796 vicissim
786 736 936 796 sanctitati
966 739 1041 799 nihil
1069 740 1138 801 sore

132 814 291 880 commune
312 836 378 878 curn
399 817 525 897 iustitia.
566 817 746 900 Respondet
766 820 895 899 quidem
908 822 945 881 ad
965 823 1042 885 haec
1060 824 1136 885 Pro-

132 910 254 981 tagoras
283 892 424 964 iustitiam
453 921 489 964 aa
516 906 708 966 sanctitatem
737 923 798 966 non
818 925 875 983 per
896 909 993 968 omnia
1014 910 1072 970 sibi
1094 911 1136 971 ἰι-

131 989 221 1049 miles
250 1006 338 1063 esse,
365 1006 421 1048 nac
445 993 546 1048 tamen
575 990 666 1051 etiarn
692 1008 818 1071 prorsus
845 993 1006 1055 dissimiles
1032 984 1139 1059 videri.

132 1072 197 1134 Sed
216 1074 276 1135 etsi
295 1073 451 1134 verissima
473 1079 523 1134 est
544 1075 619 1135 haec
649 1075 714 1137 cius
736 1077 902 1151 sententia,
932 1083 1031 1140 tamen
1052 1096 1136 1159 cam-

130 1159 287 1239 paratione
307 1159 360 1219 llla
381 1177 398 1219 a
418 1159 564 1261 partibus‘
579 1159 668 1224 laciei
690 1161 850 1239 repetita·
839 1181 871 1221 ιιι
891 1162 1029 1244 fraudem
1049 1154 1136 1227 indu

129 1249 198 1305 ctus
212 1250 245 1306 et
259 1243 329 1324 qaid
345 1244 397 1320 sit,
417 1244 449 1305 in
471 1261 530 1324 quo
552 1246 648 1306 omnis
669 1247 787 1307 uirtutis
809 1252 914 1307 natura
936 1238 1136 1327 contineatur,

130 1329 251 1406 ignarus
272 1348 342 1390 sese
364 1348 401 1390 ex
421 1328 470 1390 his
492 1328 722 1390 diffinrltatibus
744 1332 821 1391 adeo
842 1351 901 1392 non
918 1340 1022 1412 potest
1042 1353 1135 1415 expe

129 1414 206 1492 dire,
227 1420 263 1476 ut
284 1414 481 1477 iustitiam
504 1430 539 1472 ac
561 1414 755 1492 pietatem
775 1432 835 1474 non
855 1416 936 1479 inter
956 1438 991 1479 se
1012 1419 1137 1480 differre

129 1501 300 1560 concedere
334 1503 457 1559 coactus
482 1497 609 1561 Socrati
642 1515 736 1582 porro
768 1498 957 1597 respondere
984 1510 1135 1586 gravetur.

127 1584 162 1645 P.
183 1582 376 1645 828.1).-
398 1583 472 1644 832.
493 1585 530 1644 A.

213 1668 282 1730 Hoc
312 1668 382 1730 loco
418 1669 523 1749 ntique
555 1667 662 1748 aliquis
696 1670 842 1743 miretur,
876 1669 956 1749 qumi
993 1667 1136 1730 Socrates

128 1759 277 1834 protenus
312 1752 413 1835 pergit
449 1754 488 1817 ad
519 1756 725 1832 quaestionem
752 1756 792 1816 de
818 1755 963 1819 ιῑιιιιιιι
989 1755 1071 1820 inter
1101 1774 1136 1814 se
1251 1802 1254 1807 ,

128 1839 178 1899 ιιι
198 1839 372 1900 diverdtate
399 1838 448 1899 vel
477 1841 691 1902 conuenientia.
733 1841 775 1902 nt
796 1836 875 1901 enim
896 1858 970 1900 vero
991 1844 1136 1923 reputan-

128 1924 198 1984 dum
223 1929 271 1986 est
290 1927 447 1986 universae
466 1927 753 2004 argumentationis,
774 1942 832 2004 qna
852 1928 999 1995 sermonis
1021 1944 1137 1986 summa

128 2011 312 2085 continetur,
331 2011 479 2070 rationem
499 2011 578 2072 hanc
592 2011 760 2072 fereessea
803 2008 837 2072 Si
857 2012 952 2085 virtus
971 2017 1021 2074 est
1035 2012 1135 2071 scien-
1238 2070 1241 2074 ,

128 2096 188 2169 tia,
216 2101 320 2175 potest
346 2095 505 2174 disciplina
531 2102 564 2156 et
590 2096 923 2175 institutione-pararis
954 2103 1004 2157 est
1033 2103 1135 2155 antem

98 2180 269 2258 'scientia,
298 2199 374 2261 ergo
400 2179 558 2258 disciplina
586 2181 686 2261 parari
706 2186 819 2261 potest.
860 2180 977 2245 Verum
998 2198 1038 2241 ne
1058 2181 1157 2251 l'ro·¹
1237 2222 1242 2229 ,

126 2271 247 2345 tagora·
269 2267 372 2326 atatim
393 2267 430 2326 ab
450 2266 538 2327 initia
558 2268 680 2342 sentiat,
701 2283 762 2346 qno
780 2284 832 2326 res
853 2283 979 2327 ιιιιιιι
999 2267 1056 2341 sit,
1078 2266 1136 2325 So-

127 2358 228 2412 crates
257 2351 489 2431 disputationem
517 2351 577 2412 iam
605 2353 649 2412 sia
677 2349 849 2425 exorditur,
882 2358 918 2411 ut
942 2351 1037 2411 virtus
1065 2367 1135 2410 num

127 2455 185 2495 nna
205 2442 322 2496 tantmn
342 2437 383 2495 ait
403 2436 587 2495 sciscitetur.
628 2435 697 2511 Quo
719 2435 837 2512 quidem
851 2437 1057 2496 demonstrata
1079 2435 1154 2493 de·-

126 2520 218 2600 niqne
244 2520 292 2592 id,
321 2536 381 2596 quo
414 2519 523 2578 amaris*
540 2518 635 2578 uirtus
656 2521 864 2591 contineatur,
886 2519 1043 2579 scientiam
1066 2537 1136 2581 esse

127 2605 254 2676 evincit3
283 2607 315 2662 et
339 2603 427 2678 hine,
455 2604 482 2662 si
509 2603 542 2663 id
569 2622 672 2664 verum
693 2604 744 2678 ιιι,
765 2603 823 2662 iam
847 2608 976 2664 exeunte
996 2616 1136 2665 sermone

126 2691 208 2751 illam
239 2688 342 2749 doceri
371 2705 464 2766 posse
490 2688 651 2766 significat.
692 2685 752 2748 Hie
780 2689 873 2767 igitur
895 2707 986 2767 quum
1008 2691 1048 2750 sit
1068 2690 1136 2749 arni-

125 2793 232 2836 versae
260 2774 472 2852 disputationis
501 2770 576 2834 ordo
606 2791 642 2834 ιι
661 2791 860 2853 progressus,
888 2772 978 2834 facile
1000 2778 1136 2853 apparet,

126 2879 181 2921 ιιι
206 2861 265 2920 iarn
294 2860 431 2937 quaestio
459 2857 499 2919 de
517 2859 636 2919 virtutis
658 2859 775 2919 unitate
794 2857 956 2925 inferatur.
998 2861 1135 2938 Egregie

125 2964 197 3006 vero
230 2947 274 3005 ita
301 2944 470 3004 institutum
498 2949 565 3018 est,
595 2949 631 3004 nt
657 2943 839 3022 Protagoras
869 2945 998 3023 primum
1023 2949 1137 3006 statuat

129 3031 259 3110 saingnla
288 3030 416 3090 virtutes
444 3029 486 3088 ita
513 3029 594 3090 inter
621 3046 656 3089 se
674 3026 877 3107 discrepare,
904 3029 987 3089 nulla
1014 3033 1049 3089 nt
1068 3047 1138 3090 eum

126 3119 184 3176 alia
205 3116 365 3194 quddqnam
383 3124 545 3175 commune
565 3113 687 3176 habeat.
729 3111 808 3173 Nam
829 3114 984 3195 sophistae
1000 3130 1056 3174 ‘eas
1077 3114 1139 3175 uti-

128 3221 188 3280 que
203 3203 255 3281 ,ita
283 3201 482 3280 segregabant
509 3204 599 3278 atqne
626 3199 867 3277 dis-tinguebant,
889 3206 925 3258 nt
946 3212 1138 3278 unamquamss

128 3306 188 3366 qne
215 3291 358 3365 putarent
375 3303 439 3364 ‘per
467 3303 502 3344 se
529 3284 624 3346 solam
645 3290 678 3344 et
700 3302 717 3342 ι
739 3283 853 3344 ceteris
872 3286 1039 3346 seiunctam
1051 3282 1138 3343 disci

128 3378 162 3431 et
188 3371 321 3431 exerceri
348 3388 458 3450 posse:
479 3374 646 3449 praeterea
675 3370 765 3428 etiam
793 3369 919 3430 nullum-
934 3370 1138 3447 agnoscebant

129 3474 286 3533 commune
306 3459 409 3516 earaim
430 3454 591 3529 vinculum,
614 3472 673 3532 quo
694 3456 869 3531 interipsas
892 3457 1137 3529 contuerentur-3

128 3543 168 3602 de
195 3559 253 3619 qua
275 3559 321 3601 ,re
340 3541 399 3601 lam
421 3547 507 3600 antea
530 3540 664 3599 dirimns
710 3537 772 3599 Sed
793 3538 846 3599 nbi
866 3536 948 3599 ider'n
969 3541 1064 3600 sensit
1084 3541 1137 3598 ab·

128 3624 254 3686 surdum
274 3641 353 3699 csse,
375 3625 453 3705 qnod
475 3625 667 3698 indicaverat,
688 3624 824 3684 iustitiae
846 3629 878 3684 et
899 3627 1049 3686 sanctitati
1070 3625 1137 3684 nul-

127 3714 190 3772 lnm
220 3711 309 3790 plane
337 3729 406 3770 esse
427 3709 651 3782 commercium,
671 3711 849 3788 protenus·
840 3727 870 3767 ιιι
893 3728 958 3769 eam
980 3709 1138 3787 compelli-

127 3803 179 3858 tur
201 3794 348 3856 corrsilii‘
339 3797 486 3875 inopiam,
507 3802 541 3855 ut
562 3796 756 3873 oneratione
778 3795 906 3872 pietas
891 3801 923 3854 et
937 3796 1052 3856 iustitia
1065 3812 1139 3873 pus·

129 3884 171 3944 sit
199 3881 318 3943 diuersa
348 3879 453 3941 haberi
481 3881 612 3958 ideoque
633 3898 693 3938 non
712 3897 772 3939 ιιι
783 3878 963 3965 eademqne
984 3882 1035 3956 sit,
1055 3876 1140 3940 nullo

129 3966 220 4030 modo
243 3964 407 4027 ostendere
427 3972 525 4043 queat
503 3965 715 4026 tNimirnm
733 3965 778 4022 ita
783 3946 887 4026 facile
902 3971 1029 4046 apparet
1050 3980 1140 4044 egre-

130 4055 214 4134 gium
243 4050 364 4114 scilicet
386 4050 505 4112 virtutis
531 4051 707 4140 magistrum
727 4052 864 4112 naturam
886 4050 952 4113 eins
973 4051 1140 4112 rationem-
