2550 4598
180 220 225 284 Β)
571 214 821 325 ΡΒΔΤΟΝΞΒ

71 461 74 465 ,
254 390 340 487 Cup.
365 384 431 461 xl.
470 378 543 459 Ἦν
566 386 632 482 γάρ
655 417 738 463 nors
759 387 898 481 206on
930 386 987 461 ὅτι
1020 394 1106 491 daei
1128 395 1185 483 pis

21 578 24 585 ,
77 517 87 525 ·
123 506 151 570 li
178 486 283 587 ἦσανε
310 488 428 578 θνητὰ
453 494 488 563 di
512 496 588 580 pisa
613 490 674 563 οὐκ
698 482 751 577 ἦν.
775 487 888 576 ἐπειδὴ
910 494 947 565 dd
973 490 1185 577 miroslaum

178 674 185 687 ¹
245 724 374 797 craxu.
408 723 442 778 u.
474 717 1183 797 ppdsoeiidsrslpapppsr.lllrustraflelu·

173 899 245 952 toas:
271 899 439 963 passionom
465 892 533 945 alva·
560 896 654 960 μῦθον
703 894 821 948 omullus
843 910 904 949 esra
924 892 1099 951 edmmuaam.
1132 894 1182 957 Ita·
1244 924 1247 933 ·

173 970 261 1034 isyasr.
295 967 354 1021 Qua
376 964 402 1015 ln
423 978 452 1014 re
475 978 570 1028 operae
594 978 655 1028 pre-
703 979 755 1029 que
776 964 831 1016 fleri
855 966 956 1029 solere,
981 971 1025 1029 nt,
1049 980 1130 1032 quum
1148 966 1182 1025 da

173 1040 239 1091 tium
260 1043 302 1089 est
318 1032 535 1094 auinmdvertere,
558 1037 654 1095 quauta
702 1032 799 1083 artibus
821 1034 923 1099 publice
941 1034 1101 1099 suscipiatur
1119 1034 1180 1089 ddi·

175 1122 234 1159 cum
250 1104 351 1157 licentia
364 1106 482 1152 versatus
493 1098 533 1152 sit.
562 1098 654 1153 (luan-
702 1100 815 1165 horatio,
834 1105 925 1154 artium
950 1102 1026 1168 periti
1046 1106 1179 1157 sonulan-

173 1189 251 1240 quam
281 1171 347 1223 euim
375 1176 432 1220 tota
458 1166 520 1219 llaec
540 1169 654 1221 namatio
702 1174 760 1233 tur3
777 1184 857 1234 quum
873 1186 936 1223 vero
953 1171 987 1222 de
1006 1186 1035 1223 re
1053 1170 1178 1239 aliquaad

174 1243 319 1308 composita
337 1244 379 1290 est
395 1237 427 1287 ad
437 1236 602 1287 imitationem
613 1235 654 1286 la-
703 1238 811 1289 civitatis
834 1238 1081 1292 administrationem
1103 1240 1179 1307 psrtl·

172 1313 249 1364 balae
265 1307 415 1361 Hesiodeae
440 1304 473 1356 de
494 1304 653 1357 Prometheo
701 1312 778 1358 naute
793 1313 897 1372 agatur,
916 1308 1035 1360 omnibus
1054 1310 1177 1363 concam·

172 1379 327 1433 etPaudora
342 1375 476 1438 Tlreogon.
485 1389 511 1439 p.
524 1378 573 1423 525
584 1386 651 1439 squ,
700 1380 744 1425 tur
760 1374 861 1427 dicendi
875 1381 1000 1441 potestas.
1032 1378 1178 1431 Hiran*

169 1455 258 1501 tamen
276 1446 326 1497 diui
344 1460 395 1496 non
410 1447 511 1508 potest,
527 1448 662 1507 quantum·
700 1443 748 1494 bns
757 1444 828 1494 addit
840 1444 932 1496 deinde
942 1450 1177 1513 argumentisque·

114 1562 120 1575 .
171 1519 199 1569 iu
223 1516 328 1581 siugulis
350 1512 465 1579 partibus
494 1510 527 1561 ab
559 1510 651 1563 eadem
701 1510 774 1576 dam,
799 1528 832 1564 ex
849 1514 943 1577 quibus
959 1520 1086 1580 appareat
1100 1514 1176 1569 aua

61 1630 64 1639 .
171 1585 283 1638 recedat.
317 1583 357 1633 De
372 1583 586 1645 quoargumeuto
603 1593 651 1643 pe·
700 1580 800 1631 aienses
825 1596 927 1646 quoque
950 1583 976 1633 in
993 1599 1026 1635 ea
1043 1598 1105 1637 esse
1119 1598 1176 1637 sar-

66 1686 70 1699 .
171 1655 295 1705 euliarem
328 1649 429 1715 scripsit
453 1647 650 1697 commentatio-
699 1649 792 1713 tentia,
818 1656 848 1700 ut
868 1650 989 1702 virtutem
1012 1650 1132 1705 duculos
1150 1658 1176 1705 et

168 1714 516 1775 naturamnaturaim
535 1712 649 1780 Speoi-
698 1716 857 1769 institutione
879 1719 961 1785 parari
981 1732 1063 1785 posse
1089 1720 1175 1773 matl-

170 1805 241 1843 men
267 1790 297 1840 in
326 1785 532 1849 Protagorae
564 1781 647 1849 apud
698 1790 776 1837 ment.
809 1786 928 1852 Denique
942 1788 1174 1869 explicarentudet,

168 1858 343 1911 Platonem
381 1852 572 1905 Fabulam
608 1851 647 1904 de
696 1853 1175 1918 undefiat‚utdarrssimommrl·
1239 1888 1242 1899 ·

167 1920 377 1979 Prometheo.
395 1919 510 1973 Traiecti
520 1920 553 1972 ad
563 1918 648 1972 Rhea.
695 1937 784 1973 rorum
805 1922 850 1975 dlii
873 1924 934 1976 mali
960 1924 1072 1979 evadere
1094 1940 1112 1977 ιι
1159 1942 1174 1979 a
1238 1943 1239 1948 ¹

169 1999 244 2046 18²².
262 2001 287 2045 8.
319 1991 443 2044 Nimirum
457 1988 598 2054 philosophi
614 1988 648 2040 ll·
695 1996 831 2055 parentum
844 1992 952 2045 virtutes
963 1994 1090 2047 aemulari
1104 1940 1174 2049 :ffi-

167 2064 217 2115 lius
239 2062 334 2113 aetatis
355 2058 405 2111 hoo
423 2058 469 2107 sini
488 2061 644 2121 sumserunt,
694 2064 778 2111 antur.
813 2059 935 2112 Ceterum
954 2066 1070 2115 attentos
1093 2064 1173 2117 lausto·

166 2137 197 2183 ut
213 2130 325 2194 fabulas,
351 2128 382 2179 ab
400 2125 548 2191 antiquitate
563 2124 644 2176 tradi-
693 2142 737 2179 res
765 2142 816 2179 uon
840 2128 925 2193 lugiet
946 2128 1106 2197 orationem,
1126 2146 1173 2199 qus

165 2206 222 2265 tas,
243 2198 279 2250 ad
303 2214 375 2249 suam
398 2211 454 2247 rem
477 2193 645 2245 transferrent
693 2194 1172 2267 Protagoraethbmaerpoulmmprrp

163 2274 193 2321 at
221 2282 270 2336 pro
296 2266 400 2318 consilio
429 2276 478 2315 suo
505 2269 643 2327 mutarent,
694 2280 723 2316 se
740 2264 807 2316 ferre
819 2267 933 2332 speciem
944 2268 1113 2333 coloremque
1162 2282 1167 2289 “

162 2342 331 2400 enumerent,
358 2335 527 2394 illustrarent,
551 2346 643 2395 quem·
692 2346 725 2384 ne
761 2334 901 2400 poeticum.
946 2334 1094 2403 Quemadm
1174 2334 1199 2365 ·’

161 2406 303 2459 admodum
327 2408 419 2470 poetas
435 2400 551 2451 soeuioos
568 2399 643 2449 novi-
692 2401 761 2453 enim
788 2402 815 2452 in
842 2404 898 2455 aliis
924 2402 1012 2469 libris,
1045 2407 1106 2459 relu

161 2490 219 2529 rsus
232 2474 339 2527 easdem
348 2486 396 2538 pro
406 2468 567 2521 consiliorum
578 2482 642 2518 suo·
691 2468 843 2537 Symposio,
870 2470 913 2537 qul
938 2472 1077 2539 loquentes
1098 2472 1170 2527 ludu·

159 2558 217 2595 rum
240 2544 365 2594 serietate
386 2539 457 2591 varie
478 2542 595 2589 mutasse
613 2540 640 2588 et
692 2544 793 2605 suatur,
810 2540 847 2591 ita
855 2540 934 2593 verba
944 2538 1051 2605 auant,
1067 2546 1099 2595 ut
1110 2556 1170 2609 pro·

158 2611 271 2663 adrem
298 2612 462 2675 praesentem
489 2620 639 2657 accommo-
691 2607 749 2672 prio
775 2615 854 2674 atque
880 2624 929 2660 suo
949 2608 1052 2663 dicendi
1074 2626 1170 2677 genera

160 2678 245 2730 dasse.
289 2678 325 2729 Et
346 2677 507 2737 Protagorae
534 2674 639 2739 quidem
690 2678 808 2741 utantur,
829 2678 866 2728 sio
881 2692 949 2729 unua
964 2692 1069 2745 quoque
1084 2676 1169 2747 sopil-

159 2744 387 2879 ultumi
403 2740 639 2875 ‘iustitiis
689 2744 982 2881 :titulusita
999 2744 1169 2885 {ilidii

158 2883 304 2935 narratione
326 2878 464 2931 verisimile
483 2876 574 2928 reddat
594 2891 639 2927 ce·
690 2878 750 2931 dem
774 2889 889 2935 sectetur
916 2883 1069 2937 orationem.
1086 2900 1097 2925 ·-·
1112 2884 1166 2937 lmo

157 2958 279 3018 totasque
313 2948 429 3002 Socratis
467 2945 637 2998 dubitationes
683 2953 742 2999 tota
760 2948 822 3003 haee
841 2952 927 3005 fabula
938 2953 1050 3019 repetita
1066 2952 1166 3015 videtur

157 3026 285 3073 amoveat.
320 3020 407 3073 Quum
427 3016 494 3068 enim
514 3015 636 3065 Socrates
687 3032 720 3068 ex
738 3019 803 3070 libro
820 3021 996 3086 Protagorae,
1016 3020 1062 3087 qui
1076 3016 1166 3075 insedi

157 3089 266 3141 dixisset
282 3089 402 3140 virtutem
424 3085 471 3136 sibi
487 3099 539 3149 uon
555 3080 636 3135 rideri
685 3091 746 3151 ptus
769 3086 817 3140 luit
841 3090 882 3141 Πι
900 3088 910 3138 i
928 3094 975 3153 τῆς
991 3090 1017 3139 is
1032 3086 1166 3159 dppjw

157 3158 274 3210 doctriua
307 3158 359 3209 ullo
383 3154 462 3209 modo
491 3150 635 3219 comparari
663 3153 838 3216 -ταστάσειις,
879 3108 1032 3223 &uunquam
1054 3158 1165 3225 quidlrr

155 3220 251 3295 posse,
277 3224 438 3290 Protagoras
461 3220 489 3273 id
510 3222 579 3287 agit,
604 3225 635 3271 ut
684 3238 716 3274 ea
732 3223 872 3278 imitatione
885 3240 1036 3292 expressum
1053 3228 1100 3293 sil,
1115 3230 1167 3283 uon

142 3296 249 3347 ‘doceat
276 3309 358 3361 genus
384 3292 521 3345 Ιιιιιιιιιιιιιιι
544 3289 632 3355 utique
683 3292 748 3342 satis
765 3293 1051 3360 oertoublquadetlniri
1067 3302 1165 3363 potui,

85 3384 88 3389 ⁴
155 3363 287 3431 paullatim
296 3368 399 3415 tantum
416 3360 450 3412 ad
466 3360 535 3412 vitae
551 3357 632 3409 elsilis
681 3376 760 3425 quum
776 3361 809 3415 de
822 3363 982 3428 Protagorae
998 3362 1103 3427 dipandl
1118 3382 1166 3433 ge·

69 3449 82 3485 ·.
153 3435 249 3485 cultum
265 3430 498 3496 humanitatemque
509 3440 631 3492 Progres-
681 3443 743 3481 nere
760 3431 818 3483 nillil
836 3432 977 3483 memoriae
986 3432 1163 3486 traditumslt

153 3516 212 3553 snm
229 3516 301 3565 esse,
318 3505 496 3555 verumtamen
513 3494 631 3546 omnibus
680 3496 876 3553 Philostrat.
910 3500 961 3553 vit.
995 3500 1114 3568 Sophist.
1141 3502 1163 3555 l.

152 3575 242 3622 natura
266 3571 350 3622 inesse
376 3582 481 3621 sensnm
503 3562 630 3628 quendam
680 3570 747 3617 uss:
771 3567 848 3633 prode
870 3568 897 3619 di
913 3567 961 3619 τὸν
977 3568 1163 3643 llpasayiprs

151 3638 214 3693 iusti
238 3643 265 3689 et
286 3636 401 3703 honesti,
431 3636 475 3702 qni
497 3631 631 3698 disciplina
680 3632 694 3685 ὁ
719 3634 831 3689 Πλάτων
852 3642 947 3704 σεμνῶς
969 3640 1017 3704 μὲν
1034 3638 1162 3707 ippspsu'·
1191 3657 1195 3671 ·

151 3714 180 3761 et
190 3707 349 3759 institutione
358 3708 440 3773 possit
450 3701 564 3764 excitari,
584 3715 630 3751 uu·
680 3721 756 3772 οιτα,
779 3704 940 3767 ὑπιιάζοιιιι
961 3707 989 3759 dl
1011 3712 1045 3772 τῇ
1068 3706 1163 3777 nepas&

127 3778 222 3844 peri,
256 3775 425 3827 corroborari.
469 3774 507 3826 Et
536 3769 630 3821 artium
678 3792 739 3838 τητι
759 3776 804 3825 sat
827 3793 878 3825 noo
898 3774 942 3824 sai
1034 3776 1162 3845 oiopaitr·

36 3874 39 3879 ·
149 3846 254 3913 quidem
273 3843 305 3894 ad
323 3844 630 3895 ritaeeultumneoessa·
678 3858 725 3908 ρον
746 3848 794 3896 τοῦ
820 3848 967 3911 συμμέτρου
1089 3846 1161 3899 ideas

20 3910 75 3981 ²5-
149 3912 428 3976 flammeoguitiouem
440 3918 467 3963 et
476 3912 638 3963 facultatem.
676 3910 762 3962 αὐτοῦ
785 3911 868 3979 μύθῳ
896 3931 949 3979 pas
997 3954 1005 3963 ..
1079 3914 1162 3981 msi-

23 4001 33 4012 ·
72 4008 80 4022 ³
147 3998 201 4037 nou
225 3982 344 4035 omnibns
361 3996 379 4033 a
393 3987 484 4033 natura
501 3996 560 4032 esse
580 3976 628 4026 tri-
676 3997 752 4048 ρισιν.
786 3981 875 4033 Rideri
886 3997 948 4031 vero
957 3980 1005 4031 irae
1013 3982 1160 4039 imitatione
1245 4044 1248 4049 ,

147 4054 252 4117 butam,
272 4051 320 4102 sed
337 4048 394 4101 aliis
409 4048 486 4100 'aliam
503 4047 627 4112 contigis-
676 4047 805 4112 sophistae
822 4056 904 4102 artem
914 4056 1021 4115 apparet
1037 4050 1159 4107 luculen-

140 4136 196 4197 ιιις
211 4121 272 4179 iusti
290 4122 396 4177 seruet
410 4116 627 4174 mundanum
675 4116 773 4173 tissime
798 4134 830 4176 ea
847 4119 890 4174 illa
906 4119 1021 4185 ratione,
1046 4120 1158 4189 quada-
