2550 4598
440 243 495 311 ιι)
517 243 820 311 onoraoonnu.
880 252 885 261 ·
1095 244 1138 309 so
1195 200 1202 211 ’

126 418 313 500 meximeque
331 415 598 499 Protagoreornm
619 416 817 494 dialecticam,
840 386 924 497 quae¹
938 433 973 479 se
994 416 1140 500 perqos'nr

126 507 257 570 ridiculo
277 506 398 567 virtutis
418 506 593 586 magistram
607 505 753 566 iactabat.
1119 502 1134 535 ·'

214 624 277 688 lam
303 641 377 686 sero
405 642 474 685 com
501 623 550 685 his
578 622 664 684 libris
692 622 830 685 omnibus
851 623 1006 686 maximam
1028 637 1139 701 cogna-
1201 628 1208 644 ’

127 712 244 775 tionem
272 717 308 771 dc
335 708 589 773 necessitudinem
623 708 717 769 habet
745 709 938 789 Protagoras.
985 708 1084 786 Quaem
1112 706 1140 767 si

129 797 250 879 qnaeris
272 813 414 875 quorsum
436 796 590 877 pertiuere
611 793 810 870 arbitremur,
838 801 973 877 paratam
993 784 1140 855 habemus

129 880 360 963 responsionem
387 884 478 955 satis,
509 881 635 960 opinor,
661 879 811 941 idoneam.
856 881 930 942 Nam
958 878 1069 942 festive
1089 896 1141 939 re·

125 968 331 1050 prehenditur
352 966 383 1026 in
403 965 625 1029 hoo'sermone
647 984 682 1026 ac
703 965 786 1027 nulia
807 985 877 1029 esse
899 969 1026 1028 docetor
1046 966 1141 1024 virtu-

130 1054 172 1116 tis
199 1052 259 1113 ista
286 1052 458 1132 disciplina,
497 1070 585 1131 quam
612 1051 663 1111 vei
691 1053 836 1113 monimus
864 1058 897 1112 et
925 1051 1142 1112 celeberrimus

130 1137 252 1211 uirtutis
273 1139 420 1218 magister
440 1138 491 1197 iiie
511 1136 721 1219 profitebatur.
764 1136 810 1197 Ex
832 1156 892 1216 qun
919 1142 1029 1218 sponte
1046 1136 1141 1227 oppd-

131 1230 191 1301 ret‚
212 1242 300 1305 quam
323 1231 408 1288 arcto
427 1223 546 1283 uinculo
561 1223 612 1282 hic
633 1222 769 1303 dialogus
791 1242 859 1283 com
880 1223 917 1283 iis
939 1223 1024 1283 libris
1046 1219 1142 1280 omni-

130 1310 189 1373 bus
209 1309 415 1384 continentur,
444 1327 521 1386 quos
548 1306 638 1368 modo
666 1308 910 1386 significavimus.
952 1307 1028 1368 Nam
1051 1325 1144 1386 mrum

132 1394 246 1458 inillis
268 1395 392 1472 scriptis
412 1394 461 1452 sel
482 1392 521 1451 de
542 1392 725 1471 singulorum
748 1393 892 1453 virtutum
905 1397 1011 1453 natura
1031 1392 1081 1452 vei
1103 1392 1144 1451 dc

132 1479 451 1561 argutoedialecticae
465 1476 633 1539 adsistutis
654 1476 874 1539 institutionem
895 1477 991 1537 abusu
1011 1477 1144 1537 dissera-

132 1572 203 1628 tur:
225 1563 333 1628 tumim
350 1563 411 1624 hoc
429 1561 507 1622 libro
530 1561 614 1640 ipsa
636 1562 804 1624 virtutis
827 1560 1045 1643 disciplina
1066 1561 1144 1621 lau·

133 1643 339 1729 d'atissima
360 1666 466 1728 quarn
488 1646 605 1707 nihili
626 1648 868 1709 aestimande
886 1650 951 1723 sit,
968 1646 1144 1728 eleganti

135 1734 373 1821 etcopiose
408 1732 684 1814 disputatione
706 1725 914 1794 evincitur.
962 1732 1014 1793 Fit
1041 1738 1143 1795 autem

81 1868 83 1871 .
134 1822 195 1881 hoc
216 1818 330 1901 duplici
351 1819 484 1894 ratione,
514 1819 661 1896 siquidem
690 1824 722 1878 et
750 1819 836 1898 ipsae
865 1819 1041 1897 optumum,
1068 1836 1143 1904 quas

135 1907 175 1968 de
196 1907 309 1966 virtute
330 1904 507 1965 informans
536 1905 679 1964 tenebant
703 1903 875 1965 istiusmodi
894 1905 1016 1965 uirtutis
1038 1903 1146 1965 docto-

135 2010 187 2052 res
214 1997 355 2070 tanquam
385 1990 519 2051 incertae
539 1994 630 2068 atque
651 1988 747 2050 falsae
768 1996 953 2069 arguuntur,
984 1996 1017 2050 et
1039 1989 1145 2069 sophi-

136 2078 244 2139 sticam
263 2076 395 2137 docendi
421 2076 571 2138 rationem
600 2076 772 2135 ostenditur
794 2075 831 2136 ad
858 2093 963 2137 verram
990 2076 1145 2137 invenien-

136 2162 207 2222 dum
229 2167 281 2222 aut
296 2161 559 2240 pervestigandum
582 2159 651 2221 tere
672 2160 748 2220 nihil
767 2160 880 2223 ualere.
920 2154 1010 2239 Quod
1028 2168 1146 2225 utrum·
1251 2184 1254 2191 ·

78 2300 82 2311 .
139 2248 371 2328 quoquomodo
393 2246 584 2327 perficiatur,
605 2264 662 2327 age
682 2246 785 2327 prucis
808 2259 1000 2329 exponamus.

220 2381 326 2463 ltaque
360 2384 490 2464 primum
525 2383 646 2461 quidem
682 2383 831 2461 probatur
862 2382 939 2458 hoc,
970 2383 1147 2463 magnificos

81 2508 84 2513 -
136 2467 215 2529 istos
241 2469 363 2530 virtutis
390 2469 592 2546 promissores
622 2485 725 2527 rerum
752 2468 992 2545 grauissimarum
1026 2468 1153 2546 ignora-⁸

77 2626 79 2631 Ι
136 2555 220 2613 tione
241 2559 349 2632 captos
369 2552 484 2627 teneri,
506 2568 579 2629 quas
606 2552 686 2611 scire
705 2551 754 2610 rel
776 2554 903 2612 maxime
924 2570 1030 2613 eorum
1050 2554 1146 2614 inter·

137 2656 209 2699 esse
230 2636 352 2711 debcst,
375 2637 425 2715 qni
446 2636 517 2697 talio
537 2635 751 2715 profiteantur.
792 2636 869 2698 Nam
890 2656 930 2698 ne
950 2637 1026 2700 iliud
1044 2640 1146 2720 ipsum

93 2786 99 2793 ,
137 2724 260 2803 quidem
279 2723 318 2783 ab
338 2723 376 2783 iis
398 2722 490 2800 pos'se
511 2720 682 2798 diiudicari,
714 2740 784 2784 num
810 2729 862 2784 aut
882 2729 1029 2802 quatenus
1050 2726 1147 2786 virtus

136 2809 274 2870 doctrina
295 2814 328 2868 et
348 2809 538 2869 institutione
564 2809 733 2890 comparari
754 2814 852 2886 queat.
895 2810 1016 2889 Quippe
1035 2810 1147 2871 referri

138 2895 176 2955 ab
198 2896 237 2955 iis
257 2895 400 2956 uirtutem
428 2894 531 2954 solere
559 2892 597 2952 ad
624 2893 754 2955 resset
774 2894 911 2976 publicas
931 2896 981 2955 vel
1002 2896 1148 2956 domesti-

138 2997 190 3042 cas
212 2981 291 3042 bene
312 2980 539 3059 prudenterque
560 2980 726 3058 gerendas,
747 2983 781 3040 et
801 2979 841 3040 ad
862 2980 1073 3058 consequenda
1094 3000 1146 3042 ex-

138 3072 227 3127 terna
254 3066 503 3126 vitaehumanae
524 3064 680 3126 commoda
701 3071 793 3144 atque
819 3064 985 3139 utilitatem
1014 3066 1148 3146 ignorari
1225 3060 1231 3069 ’

139 3156 240 3212 autem
267 3170 368 3212 seram
395 3151 516 3210 virtutis
542 3149 673 3211 indolem
700 3155 732 3211 et
752 3157 907 3226 naturam,
937 3151 969 3212 in
989 3154 1070 3213 recti
1091 3152 1148 3213 ho-

139 3236 279 3313 nestique
299 3237 484 3299 conscientia
503 3237 651 3313 positsm3
671 3236 742 3295 inde
767 3236 904 3311 evenire,
925 3243 960 3299 ut
979 3255 1036 3297 nec
1056 3237 1148 3297 iutel-

139 3322 235 3401 ligsnt
262 3327 314 3382 aut
340 3321 545 3403 perspiciant,
571 3340 697 3399 quanam
724 3322 949 3383 necessitudine
970 3327 1003 3382 et
1024 3324 1149 3384 coniun-

140 3408 243 3467 ctione
264 3409 401 3489 singuiao
420 3408 550 3469 virtutes
570 3407 652 3466 inter
672 3409 945 3482 secontineantur3
963 3420 1035 3467 'nam
1057 3426 1149 3486 quum
1186 3474 1190 3483 ,
1236 3438 1239 3443 ·

140 3491 311 3570 singulare
334 3492 445 3554 ceteris
463 3493 622 3552 ‘seiunctas
648 3510 683 3551 ao
705 3500 861 3573 separetas
887 3492 976 3552 alicui
998 3494 1149 3573 impertiri

140 3594 234 3657 posse
262 3584 413 3653 statuant,
440 3585 541 3639 tamen
570 3576 617 3637 ret
643 3579 786 3658 captiosis
817 3585 849 3640 et
869 3578 907 3637 ad
928 3577 993 3638 veri
1014 3579 1149 3658 speciem

141 3663 320 3742 compositis
346 3664 654 3744 argumentationibus
682 3663 773 3724 facile
800 3684 837 3725 eo
866 3662 1008 3744 perduci,
1033 3670 1069 3725 ut
1095 3684 1148 3726 eas

142 3764 248 3809 omnes
273 3766 365 3809 unum
390 3749 531 3829 idemque
552 3768 622 3808 esse
642 3748 724 3810 ultro
744 3750 929 3829 largiantur3
955 3755 1004 3821 at,
1032 3751 1148 3828 siquis

140 3834 179 3895 iis
216 3831 369 3913 significet
409 3836 534 3895 seientia
570 3840 710 3914 tanquam
746 3835 939 3897 fundamento
980 3834 1047 3896 illas
1082 3837 1149 3912 niti,

78 3942 83 3949 ·
140 3919 219 3979 hanc
237 3918 335 3998 ipsam
356 3919 511 3981 scientiam
533 3925 681 4002 protenus
702 3922 740 3981 ab
760 3922 798 3981 iis
819 3921 931 3984 referri
951 3919 1148 4009 aqrcaliidam

142 4000 288 4083 quandam
319 4004 526 4085 prudentiam,
560 4024 618 4084 qua
652 4025 703 4067 res
729 4007 875 4069 iucundae
901 4012 934 4068 et
959 4006 1148 4082 iniucundum

109 4149 112 4153 ,
141 4089 235 4154 utiles
263 4095 317 4153 aut
341 4091 485 4170 inutiles,
513 4091 729 4174 discernendae
751 4092 829 4170 siut,
862 4111 921 4174 quo
943 4092 1148 4175 quampluri-
