2550 4598
107 96 113 111 ‘
173 121 218 185 sa
531 118 821 185 reserante

152 356 153 363 ι
173 292 254 369 dem,
274 298 327 369 nt,
347 294 505 375 postquam
525 292 578 354 ille
597 290 809 374 interrogando
831 290 890 354 sibl
909 290 1117 371 satisfecerit,
1137 292 1182 355 vl-

173 381 276 441 cissim
304 380 388 440 illum
416 379 457 441 sit
476 379 725 459 interrogaturus.
768 379 933 458 Postquam
952 381 1049 460 igitur
1068 378 1110 441 de
1133 378 1182 443 bb

43 478 46 487 ·
173 466 327 527 intereos
348 463 496 536 convenit,
516 464 700 543 Protagoras
719 481 855 542 mogorm
876 465 1058 526 liberalioris
1078 466 1182 527 eradi-

172 550 265 613 tionia
287 558 402 628 portem
430 550 558 630 positam
587 569 657 611 esse
684 550 790 611 censet
817 550 849 611 in
877 551 1057 611 carminibus
1084 551 1181 613 inter-

172 634 348 715 pretandis,
373 634 503 714 ideoque
531 636 571 696 de
598 635 682 696 dicto
708 634 763 696 illo
789 633 969 712 Simonidis,
997 634 1182 707 difficile

173 740 266 783 esse
281 722 401 781 virum
422 721 558 781 bonnm
570 718 690 794 riori,
719 737 790 781 sese
809 720 965 800 disputare
984 720 1064 783 velle
1083 720 1181 803 pron-

173 812 266 869 tetur.
308 805 415 885 ltanpre
434 805 547 867 dooere
567 811 693 867 conatam
712 812 835 885 poetam
854 807 960 885 inepte
980 805 1065 885 loqui
1086 811 1180 869 etro-

167 911 244 953 ·cum
272 890 437 972 pugnantia
457 892 571 954 dicere.
620 888 746 952 Scilicet
775 891 875 970 magni
895 893 1042 977 acuminis
1059 890 1181 955 leudem

172 976 452 1057 nuncupetur-homo
470 975 664 1052 vanissimus,
690 980 812 1055 paetum
839 975 1110 1039 celebratissimum
1132 994 1181 1039 er·

171 1063 253 1125 roris
274 1080 448 1143 coarguens.
491 1059 553 1123 Sed
573 1064 646 1121 rana
665 1061 743 1123 haec
765 1062 830 1123 eius
851 1062 993 1142 superbia
1005 1063 1182 1143 gmnisslm

172 1148 341 1229 castigetur
359 1166 379 1209 a
398 1145 540 1222 locrate,
563 1147 615 1226 qui
636 1146 747 1211 deinde
767 1148 935 1228 sophistem
955 1153 990 1208 et
1008 1148 1113 1227 iprum
1132 1166 1180 1211 er·
1208 1201 1209 1205 ,

171 1234 254 1297 roris
273 1232 423 1314 coarguit.
464 1232 524 1293 Hic
544 1233 625 1293 enim
646 1238 804 1314 postquam
825 1232 992 1294 admirabili
1018 1251 1090 1295 cum
1111 1234 1180 1297 irri-

171 1320 261 1381 sione
284 1316 545 1382 chedaemonioa'
570 1323 604 1379 et
630 1316 795 1379 cretenses
815 1317 945 1379 laudavit
960 1312 1108 1399 'monum
1130 1338 1179 1383 so·

78 1474 82 1482 ¹
171 1404 289 1487 phistas
310 1404 533 1482 antiquissimos
555 1409 588 1466 et
608 1403 742 1465 breviter
761 1410 910 1483 acuteque
931 1404 1021 1467 dictis
1048 1404 1180 1469 mrbu-

111 1488 124 1503 ”
171 1506 257 1564 moa,
277 1489 358 1551 idem
376 1487 451 1549 illard
473 1506 592 1550 carmen
612 1487 817 1551 Simonidenm
836 1489 878 1549 its
898 1490 1129 1568 iuterpretatur,
1145 1494 1179 1555 ut

172 1572 360 1655 Protagorae
381 1575 560 1637 sententium
582 1591 640 1653 per
660 1574 760 1636 omnia
779 1573 915 1649 refellet,
936 1581 1026 1653 etque
1046 1582 1180 1657 poetrm,

135 1676 141 1689 ‘
172 1656 285 1720 Pittaci
305 1659 417 1721 dictum
438 1658 559 1737 aliquod
576 1658 868 1738 reprehendentem,
888 1661 965 1722 haee
985 1660 1054 1723 iore
1075 1662 1180 1725 dicere

170 1744 379 1808 demonstret:
421 1742 581 1821 „Difficile
603 1763 672 1806 esse
692 1746 787 1806 virum
799 1747 921 1807 bonum
941 1745 1044 1820 fieri,
1062 1762 1099 1809 rc
1113 1746 1179 1811 falli

162 1827 327 1905 Pittacum,
342 1831 394 1909 qui
406 1831 503 1891 virum
515 1830 626 1892 bonnm
639 1849 728 1891 esse
741 1830 789 1890 rel
802 1850 831 1891 m
840 1850 956 1893 enere
968 1831 1094 1895 difficile
1108 1848 1179 1895 esso

39 1935 41 1938 ·
164 1916 292 1977 dixerita
311 1916 373 1987 hoc
394 1916 473 1977 enim
492 1916 524 1975 in
537 1910 714 1978 solos'deos
730 1915 859 1991 cadere;
879 1916 1026 1979 humanae
1041 1918 1177 1983 imbecil-

163 2000 243 2067 litati
263 2020 332 2062 esse
353 2008 493 2080 negatum
508 1995 573 2084 *).“
614 1999 641 2063 P
673 2001 748 2061 834.
771 2000 805 2062 0.
828 2032 871 2046 -
891 2001 965 2067 ost.
986 2002 1024 2064 ll.

133 2087 138 2105 “
246 2086 348 2165 Atque
368 2086 446 2147 hanc
459 2085 642 2148 Socraticum
663 2086 801 2149 carminis
817 2085 1103 2167 interpretationem
1119 2088 1182 2153 nl·

161 2172 250 2234 rlflce
277 2173 387 2271 probat
412 2170 542 2273 Hippias
575 2171 722 2275 sophista.
768 2171 828 2249 Qui
861 2178 980 2248 tamen,
1001 2180 1039 2235 ut
1058 2174 1177 2237 scillcet

161 2276 238 2403 ll
252 2262 571 2435 blitildis
586 2256 1178 2411 lihffllllttitiltlirl.lt

162 2427 323 2489 admodum
350 2428 525 2489 ambitiosus
552 2428 590 2487 ab
612 2428 782 2502 Alcibiade,
807 2445 980 2493 sermonum
1000 2427 1176 2497 Socratico-

166 2531 236 2573 rrun
257 2531 374 2573 summo
394 2519 539 2584 amatore,
562 2520 733 2593 opportune
745 2512 934 2590 admonetur,
954 2533 992 2576 ne
1013 2514 1047 2578 id
1063 2514 1176 2580 trent:

164 2596 461 2673 colloquinmssenim,
482 2616 500 2655 a
520 2595 647 2658 Socrate
669 2603 702 2657 et
721 2595 889 2677 Protagora
899 2600 1081 2677 institutum,
1103 2622 1176 2665 esre

166 2681 387 2763 profligandum
407 2679 504 2756 ettad
525 2682 637 2742 exitum
656 2682 890 2762 perducendum.
931 2685 1081 2749 Nimirum
1100 2706 1176 2755 coa·

166 2768 310 2828 stitutum
332 2769 398 2825 erat
418 2771 523 2841 antea,
544 2772 590 2841 ut,
611 2775 769 2847 postquam
791 2767 974 2849 Protagoras
996 2772 1054 2833 sibi
1075 2773 1176 2835 inter·

166 2851 303 2931 rogando
323 2850 540 2925 satisfecisset,
562 2851 705 2914 Socrates
725 2854 856 2917 vicissim
876 2857 1091 2936 interrogantis
1102 2876 1175 2939 per-

127 2974 130 2978 ·
165 2943 216 2998 tes
245 2936 431 3017 ameiperet,
459 2937 595 3017 sophista
621 2936 693 3023 huie
713 2942 926 3020 responderet.
966 2942 1009 3003 Et
1029 2942 1176 3007 Socrates

167 3021 287 3103 quidem
313 3041 347 3085 se
375 3029 513 3104 paratum
541 3024 675 3091 ostendit
701 3025 740 3088 ad
760 3020 935 3089 sermonem
955 3030 1175 3109 peragendum,

169 3155 366 3172 m·—
442 3169 447 3176 ι

198 3224 225 3294 ’)
243 3224 328 3344 lit:
346 3223 1173 3363 titini?littiztssbtltigtllltitillat

250 3366 283 3413 te
300 3332 570 3415 de’s’Simonides
587 3364 733 3430 hetriift,
751 3382 812 3417 von
829 3366 899 3418 dem
916 3381 978 3417 uns
995 3366 1105 3420 nichts
1124 3385 1173 3425 er-

213 3458 225 3477 .
248 3426 366 3483 holten
391 3431 436 3483 iat
458 3433 507 3483 als
532 3431 613 3483 eben
635 3432 729 3485 disee
755 3430 999 3499 Brochubelus,
1027 3435 1106 3487 dess
1137 3454 1173 3490 ea

249 3498 384 3550 niamlioh
402 3500 473 3552 eine
489 3499 580 3565 Riige
598 3501 670 3551 sein
689 3503 752 3554 soll
769 3518 872 3568 gegen
891 3502 950 3554 den
967 3503 1094 3570 Spruch
1112 3504 1172 3558 dea

249 3564 422 3632 Pittakus,
441 3583 475 3620 so
493 3567 540 3618 ist
557 3568 604 3618 sie
621 3584 680 3633 gar
697 3568 786 3621 nicht
802 3570 962 3635 lediglich
980 3573 1029 3623 als
1046 3572 1173 3628 Schera

250 3647 288 3685 zu
304 3633 445 3688 nehmen.
480 3626 694 3701 Wenigstens
712 3638 866 3690 besitzen
883 3640 937 3691 wir
952 3640 1098 3694 uocbeiu
1111 3645 1173 3695 all-

126 3724 130 3729 ,
248 3702 374 3767 gemein
392 3703 463 3757 dem
484 3704 672 3756 Simonides
691 3706 995 3773 engesohriehenes
1018 3708 1079 3761 und
1101 3708 1173 3765 die-

244 3769 435 3821 ‹sembierin
448 3771 594 3839 Spreche
610 3773 812 3827 undMauier
829 3776 1174 3831 unnerlrenubarihn-
1204 3824 1208 3837 .

248 3836 354 3890 liebes
367 3838 517 3905 Gedlcbt,
535 3840 677 3893 welches
696 3840 765 3894 sich
778 3844 860 3895 eben
873 3843 1101 3911 sopolemisch
1117 3848 1177 3900 eui

248 3904 308 3955 das
323 3905 364 3957 im
376 3904 542 3962 Phaedrus
555 3909 943 3977 angeirihrteEpigramm
956 3912 1015 3966 dea
1029 3914 1173 3968 Kleobn·

249 3975 299 4029 lus
316 3974 466 4043 beaiebt,
488 3977 546 4045 der
558 3977 593 4044 ja
615 3977 695 4033 auch
712 3992 753 4031 su
776 3978 838 4033 den
855 3980 974 4036 Sieben
992 3980 1173 4049 gebbrts.“
