2550 4598
25 272 26 275 κ
123 239 168 302 ao
282 204 289 218 ‘
368 218 370 223 ’
482 234 771 301 rnnnrnrro

132 458 135 469 .
193 407 380 487 Enimvero.
401 402 548 469 Socrates
573 407 746 479 Platonicos
774 424 866 486 quum
891 408 959 488 ipsa
988 406 1035 469 sio
1064 426 1140 473 sen·

124 495 202 570 tiat,
231 499 267 554 ut
294 496 436 557 virtatem
464 495 495 554 in
524 495 596 554 honi
621 494 805 572 honestique
831 495 1004 573 cognitione
1031 496 1138 575 consi·

125 587 210 642 stete
234 580 417 655 arbitretur,
451 581 594 640 virtutem
625 586 728 639 autem
755 581 843 639 istam
872 579 1009 654 civilem,
1047 582 1141 643 cuins

124 668 269 726 doctores
297 666 452 745 sophistae
479 665 620 725 volebant
647 665 759 739 videri,
791 665 907 725 incerto
936 676 1008 724 casu
1031 671 1067 725 et
1087 673 1139 727 te-

124 751 254 811 meraria
278 756 395 811 tantum
426 764 529 811 rernm
556 749 674 810 utilium
701 755 753 810 aut
780 750 973 810 iucundamm
1003 749 1141 812 hariola-

10 898 13 902 ,
126 837 210 896 tione
238 854 273 896 ac
301 830 396 896 veluti
422 835 603 896 divinatione
625 834 773 895 contineri
795 836 962 908 existimet,
991 832 1139 915 prolecto

118 938 185 981 ‚non
213 922 289 981 sine
307 921 415 982 idonea
444 940 533 982 consa
549 923 696 1000 ambigit,
728 940 798 981 num
826 922 895 980 fieri
917 927 1026 999 queat,
1055 920 1141 1000 qnod

126 1005 310 1085 Protagoras
331 1006 504 1084 profitetur.
547 1007 749 1084 Quamobrem
772 1022 841 1066 eum
860 1011 960 1086 rogat,
980 1011 1016 1067 ιιι
1035 1005 1140 1117 ipsun

127 1091 255 1153 edoceat
275 1092 409 1152 meliora

119 1230 122 1235 .
210 1174 315 1256 Itaque
335 1177 534 1255 Protagoras,
554 1167 695 1253 precihus
718 1150 784 1234 eius
805 1145 1027 1250 satisfacturus,
1049 1190 1141 1241 more

30 1276 32 1280 ⁴
128 1259 332 1342 sophistarum
353 1262 472 1340 longam
494 1260 612 1321 orditur
629 1261 810 1322 orationem.
852 1260 937 1335 Quae
958 1276 1018 1339 qno
1039 1261 1139 1343 ms'gh

128 1347 228 1426 capiat
255 1341 438 1424 deliniatqoe
465 1346 648 1406 'audientium
676 1346 807 1418 animos,
835 1344 992 1405 exordium
1013 1344 1139 1411 ducite

125 1431 248 1492 fabiolae
268 1434 440 1494 narratione
462 1433 585 1492 adrem
608 1436 800 1510 praesentem
823 1431 896 1490 satis
917 1429 1019 1512 lepide
1041 1450 1139 1494 exco-

126 1518 246 1597 gitatae.
290 1517 389 1594 Quum
411 1524 548 1596 tempus,
569 1516 682 1595 inquit,
704 1517 853 1589 vertisset,
875 1533 935 1593 quo
957 1515 1067 1578 ordine
1087 1517 1138 1579 is·

126 1609 228 1662 torum
256 1604 338 1661 varia
365 1602 535 1661 animalium
561 1604 675 1679 genera
694 1600 732 1661 ex
753 1600 873 1660 telluris
895 1603 1012 1678 gremio
1032 1604 1065 1663 in
1087 1622 1138 1664 ro-

1 1723 3 1736 »
35 1695 39 1701 '
126 1687 165 1746 lis
187 1687 286 1746 lucem
312 1687 484 1764 prodirent,
513 1685 697 1745 Prometheo
727 1691 760 1745 et
780 1685 962 1763 Epimetheo
984 1687 1044 1746 hoc
1068 1706 1138 1748 mu·

127 1773 208 1831 neris
230 1791 248 1830 a
269 1772 327 1831 diis
348 1773 518 1831 mandatum
540 1777 605 1844 est,
632 1777 668 1837 ut
695 1771 822 1849 singuiis
849 1772 929 1832 vires
947 1770 1138 1843 ,facultates-

129 1875 189 1935 que
218 1876 288 1917 suas
314 1858 490 1917 tribuerent.
533 1852 610 1916 Rem
640 1856 826 1916 Prometheo
854 1854 979 1917 ahsentd
1007 1858 1139 1939 suscipit

127 1941 346 2021 Epimetheus,
368 1948 458 2018 atque
479 1941 521 2000 ita
542 1940 747 2018 administrat,
777 1948 812 2000 ιιι
840 1940 907 2001 aliis
927 1943 1040 2017 robur,
1069 1944 1138 2004 aliis

128 2023 357 2105 pernicitatem,
381 2027 447 2086 aliis
480 2025 537 2085 alia
566 2026 725 2105 largiatur,
762 2025 929 2105 prudenter
956 2023 988 2086 id
1016 2045 1139 2103 curans,

128 2129 168 2172 ne
196 2111 276 2189 quod
303 2129 399 2191 genus
427 2111 552 2171 interire
579 2118 632 2171 aut
658 2112 695 2171 ab
716 2110 783 2172 aliis
805 2110 902 2173 deleri
924 2112 1029 2190 possit.
1067 2104 1139 2175 ¹Sed

128 2197 220 2256 ecce!
248 2202 374 2276 peracta
400 2214 556 2256 munerum
589 2197 802 2257 distributione
823 2191 898 2256 nihii
917 2197 1070 2276 reliquum
1090 2199 1139 2277 sir

128 2281 199 2355 det,
239 2300 298 2359 qrro
326 2293 422 2359 genus
455 2280 609 2341 hominnm
635 2288 733 2341 ornet.
781 2280 859 2341 Dum
892 2282 980 2361 inops
1019 2282 1140 2345 consilli

127 2366 251 2441 haeret,
281 2367 353 2445 quid
381 2365 550 2427 iaciendum
579 2368 635 2440 sit,
671 2367 834 2446 improviso
863 2367 983 2426 advenit
1009 2365 1140 2434 Prome-

127 2451 228 2513 theus.
271 2450 361 2512 llunc
381 2469 455 2511 vero
485 2451 577 2510 sortis
598 2452 744 2512 humanae
765 2450 1031 2530 vstdepoenituit
1076 2453 1139 2514 lta·

127 2556 187 2615 que
208 2555 247 2596 ue
267 2553 362 2614 genus
383 2537 537 2597 hominum
560 2536 669 2596 nodum
692 2546 725 2597 et
754 2539 870 2597 inerme
903 2537 1139 2615 relinqueretur,

128 2622 202 2680 artis
223 2621 398 2681 facilitatem
422 2640 490 2681 cum
510 2622 580 2698 igne
601 2622 737 2684 Vulcano
759 2628 791 2682 et
811 2621 968 2703 Minervae
990 2624 1140 2704 surripuit

129 2723 256 2783 eamque
277 2705 447 2765 hominibus
468 2706 625 2782 impertiit.
668 2705 782 2767 Verum
812 2709 892 2768 enim
914 2723 988 2766 vero
1011 2710 1071 2769 etsi
1094 2710 1140 2770 iili

32 2832 35 2837 -
127 2791 238 2873 insigni
258 2790 314 2849 hac
337 2789 480 2849 facultate
502 2790 626 2869 egregie
648 2799 734 2850 erant
756 2794 870 2867 ornati,
897 2799 1016 2869 tamen,
1045 2813 1138 2872 quum

18 2888 20 2893 ’
128 2876 258 2935 civitatis
287 2874 469 2936 ordinandae
498 2876 770 2955 gubernandacque
798 2883 865 2938 arte
893 2880 1059 2938 etiamtunc
1087 2898 1138 2940 ca-

74 3003 80 3008 ·
126 2965 232 3022 rerent
252 2961 383 3040 ideoque
401 2961 530 3035 dispersi
544 2962 724 3034 habitarent,
745 2963 911 3022 bestiarum
931 2964 1060 3042 impetui
1080 2965 1139 3025 irn-

127 3065 217 3126 pares
240 3047 351 3106 misere
373 3048 410 3106 ah
431 3047 469 3106 iis
491 3045 624 3107 dilaniati
642 3048 807 3125 perierunt.
849 3047 1061 3127 ltaquemutni
1083 3069 1139 3110 an·

126 3130 189 3192 xiiii
211 3133 307 3208 gratia
328 3131 525 3191 condiderunt
547 3134 708 3192 societates
730 3139 821 3211 atque
841 3134 948 3207 urbes,
971 3153 1031 3212 quo
1052 3133 1140 3195 fera·

126 3237 194 3279 rum
216 3223 357 3276 arcerent
377 3217 596 3279 crudelitatem.
640 3222 680 3277 At
702 3219 782 3278 enim
796 3218 872 3278 haec
892 3237 943 3278 res
966 3218 1121 3279 nullsm''
1099 3240 1139 3280 ns

126 3301 230 3363 attulit
251 3301 393 3361 salntem.
429 3291 505 3361 Nam
527 3304 574 3363 six
594 3304 741 3378 coierunt,
762 3322 854 3381 quttm
873 3304 1024 3365 intestinis
1046 3305 1140 3367 hellis

127 3389 230 3448 suhito
251 3387 365 3447 coortis
386 3405 491 3447 rursm
514 3388 698 3463 dissipantur
725 3406 760 3447 ac
781 3388 879 3448 denuo
902 3391 1046 3469 pristinae
1061 3390 1138 3452 t‘or

104 3479 218 3550 ‚tunae
241 3471 412 3533 crudelitati
432 3471 621 3532 obiiciuntur.
662 3473 741 3532 'lum
762 3492 836 3534 vero
849 3473 947 3534 iovem
963 3476 1061 3553 ungit
1080 3495 1137 3555 ge·

126 3558 209 3618 neris
229 3557 350 3635 hnmani
370 3557 584 3624 misericordia.
626 3557 674 3618 Ne
695 3560 790 3637 igitur
810 3558 945 3620 funditus
959 3561 1036 3621 iliud
1048 3561 1137 3621 dele·

126 3648 239 3721 retur,
252 3639 478 3703 Mercurium'
468 3661 499 3701 m
521 3648 619 3703 terras
641 3644 780 3717 demisit,
809 3645 859 3723 qui
882 3643 958 3706 ieris
980 3646 1137 3709 hominum

2 3764 5 3771 ·
126 3728 303 3810 pectoribus
331 3727 478 3789 iustitiam
510 3733 542 3788 et
570 3729 717 3807 pudorem
745 3729 893 3790 iniiceret.
943 3731 1022 3791 ilinc
1049 3750 1137 3807 vero,

124 3816 168 3874 ita
189 3814 291 3893 pergit
311 3812 510 3892 Protagoras,
539 3813 611 3872 hine
633 3813 747 3876 iactum
769 3820 835 3888 est,
864 3822 898 3876 ut
919 3815 1058 3875 homines
1080 3835 1137 3877 an·

126 3905 177 3960 tes
205 3899 338 3977 dispersi
363 3898 535 3959 conderent
555 3898 647 3959 urhes
669 3906 702 3958 et
722 3899 876 3974 civitates,
906 3901 1060 3976 civilisque
1082 3920 1150 3963 so-·

125 3985 246 4045 eietatis
276 3983 399 4043 vinculis
417 3985 581 4045 coniuncti
601 3985 701 4043 visere
723 3984 901 4062 inciperent.
944 3985 979 4045 Ρ.
1000 3984 1073 4044 320.
1098 3986 1135 4048 C.

27 4076 37 4097 ⁸
72 4111 77 4129 .
125 4100 167 4117 -
187 4067 260 4130 822
281 4067 318 4127 D.
360 4067 425 4127 Hac
450 4070 700 4139 autem.,‚ratione
729 4070 867 4147 quoniam
890 4088 995 4132 omnes
1016 4071 1136 4148 pariter
