<?xml version="1.0" encoding="UTF-8"?>
<!DOCTYPE html PUBLIC "-//W3C//DTD XHTML 1.0 Transitional//EN"
    "http://www.w3.org/TR/xhtml1/DTD/xhtml1-transitional.dtd">
<html xmlns="http://www.w3.org/1999/xhtml" xml:lang="en" lang="en">
 <head>
  <title>
</title>
<meta http-equiv="Content-Type" content="text/html;charset=utf-8" />
  <meta name='ocr-system' content='tesseract 3.04.00' />
  <meta name='ocr-capabilities' content='ocr_page ocr_carea ocr_par ocr_line ocrx_word'/>
</head>
<body>
  <div class='ocr_page' id='page_1' title='image "./platonisoperaom01stalgoog_0046.png"; bbox 0 0 2550 4598; ppageno 0'>
   <div class='ocr_carea' id='block_1_1' title="bbox 412 224 1262 339">
    <p class='ocr_par' dir='ltr' id='par_1_1' title="bbox 412 224 1262 339">
     <span class='ocr_line' id='line_1_1' title="bbox 412 224 1262 339; baseline 0.002 -28"><span class='ocrx_word' id='word_1_1' title='bbox 412 244 501 335; x_wconf 14' lang='lat' dir='ltr'><strong>*su</strong></span> <span class='ocrx_word' id='word_1_2' title='bbox 523 245 823 313; x_wconf 81' lang='lat' dir='ltr'><strong>rnoruooann.</strong></span> <span class='ocrx_word' id='word_1_3' title='bbox 981 329 987 339; x_wconf 32' lang='grc'>,</span> <span class='ocrx_word' id='word_1_4' title='bbox 1094 250 1138 313; x_wconf 83' lang='lat' dir='ltr'><strong>ar</strong></span> <span class='ocrx_word' id='word_1_5' title='bbox 1257 224 1262 233; x_wconf 83' lang='grc'><strong><em>’</em></strong></span> 
     </span>
    </p>
   </div>
   <div class='ocr_carea' id='block_1_2' title="bbox 123 418 1140 913">
    <p class='ocr_par' dir='ltr' id='par_1_2' title="bbox 123 418 1140 913">
     <span class='ocr_line' id='line_1_2' title="bbox 132 418 1139 502; baseline 0.001 -21"><span class='ocrx_word' id='word_1_6' title='bbox 132 418 252 497; x_wconf 90' lang='lat' dir='ltr'><strong>lnquit,</strong></span> <span class='ocrx_word' id='word_1_7' title='bbox 278 435 340 480; x_wconf 87' lang='lat' dir='ltr'><strong>non</strong></span> <span class='ocrx_word' id='word_1_8' title='bbox 366 419 461 481; x_wconf 85' lang='lat' dir='ltr'><strong>ulium</strong></span> <span class='ocrx_word' id='word_1_9' title='bbox 487 420 523 481; x_wconf 84' lang='lat' dir='ltr'><strong>oi</strong></span> <span class='ocrx_word' id='word_1_10' title='bbox 543 432 667 481; x_wconf 79' lang='lat' dir='ltr'><strong>cumam</strong></span> <span class='ocrx_word' id='word_1_11' title='bbox 687 419 763 482; x_wconf 83' lang='lat' dir='ltr'><strong>iaec</strong></span> <span class='ocrx_word' id='word_1_12' title='bbox 782 420 885 482; x_wconf 80' lang='lat' dir='ltr'><strong>onmia</strong></span> <span class='ocrx_word' id='word_1_13' title='bbox 904 438 944 480; x_wconf 81' lang='lat' dir='ltr'><strong>aa</strong></span> <span class='ocrx_word' id='word_1_14' title='bbox 964 425 997 482; x_wconf 88' lang='lat' dir='ltr'><strong>te</strong></span> <span class='ocrx_word' id='word_1_15' title='bbox 1014 436 1139 502; x_wconf 77' lang='lat' dir='ltr'><strong>paoem,</strong></span> 
     </span>
     <span class='ocr_line' id='line_1_3' title="bbox 132 503 1139 596; baseline 0 -30"><span class='ocrx_word' id='word_1_16' title='bbox 132 505 195 566; x_wconf 54' lang='lat' dir='ltr'><strong>mm</strong></span> <span class='ocrx_word' id='word_1_17' title='bbox 215 505 295 585; x_wconf 80' lang='lat' dir='ltr'><strong>quud</strong></span> <span class='ocrx_word' id='word_1_18' title='bbox 310 506 482 596; x_wconf 81' lang='lat' dir='ltr'><strong>perspicere</strong></span> <span class='ocrx_word' id='word_1_19' title='bbox 502 505 604 585; x_wconf 80' lang='lat' dir='ltr'><strong>cupio,</strong></span> <span class='ocrx_word' id='word_1_20' title='bbox 626 503 773 586; x_wconf 77' lang='lat' dir='ltr'><strong>quomodo</strong></span> <span class='ocrx_word' id='word_1_21' title='bbox 793 525 826 567; x_wconf 87' lang='lat' dir='ltr'><strong>se</strong></span> <span class='ocrx_word' id='word_1_22' title='bbox 845 504 978 567; x_wconf 79' lang='lat' dir='ltr'><strong>iubeant</strong></span> <span class='ocrx_word' id='word_1_23' title='bbox 998 525 1076 585; x_wconf 82' lang='lat' dir='ltr'><strong>quoe</strong></span> <span class='ocrx_word' id='word_1_24' title='bbox 1096 505 1139 566; x_wconf 85' lang='lat' dir='ltr'><strong>ud</strong></span> 
     </span>
     <span class='ocr_line' id='line_1_4' title="bbox 130 590 1140 673; baseline 0.002 -24"><span class='ocrx_word' id='word_1_25' title='bbox 130 591 276 650; x_wconf 78' lang='lat' dir='ltr'><strong>virtutem</strong></span> <span class='ocrx_word' id='word_1_26' title='bbox 295 592 487 670; x_wconf 81' lang='lat' dir='ltr'><strong>reseruntur,</strong></span> <span class='ocrx_word' id='word_1_27' title='bbox 509 598 541 651; x_wconf 86' lang='lat' dir='ltr'><strong>et</strong></span> <span class='ocrx_word' id='word_1_28' title='bbox 563 590 637 670; x_wconf 76' lang='lat' dir='ltr'><strong>quid</strong></span> <span class='ocrx_word' id='word_1_29' title='bbox 655 592 695 650; x_wconf 77' lang='lat' dir='ltr'><strong>ait</strong></span> <span class='ocrx_word' id='word_1_30' title='bbox 716 594 783 673; x_wconf 76' lang='lat' dir='ltr'><strong>ipssa</strong></span> <span class='ocrx_word' id='word_1_31' title='bbox 802 591 906 651; x_wconf 77' lang='lat' dir='ltr'><strong>virtus</strong></span> <span class='ocrx_word' id='word_1_32' title='bbox 948 591 1035 651; x_wconf 88' lang='lat' dir='ltr'><strong>Num</strong></span> <span class='ocrx_word' id='word_1_33' title='bbox 1046 590 1140 670; x_wconf 81' lang='lat' dir='ltr'><strong>prote</strong></span> 
     </span>
     <span class='ocr_line' id='line_1_5' title="bbox 130 675 1140 756; baseline 0.002 -23"><span class='ocrx_word' id='word_1_34' title='bbox 130 675 223 749; x_wconf 80' lang='lat' dir='ltr'><strong>nooi,</strong></span> <span class='ocrx_word' id='word_1_35' title='bbox 242 675 298 734; x_wconf 81' lang='lat' dir='ltr'><strong>noe</strong></span> <span class='ocrx_word' id='word_1_36' title='bbox 317 675 371 736; x_wconf 81' lang='lat' dir='ltr'><strong>ult</strong></span> <span class='ocrx_word' id='word_1_37' title='bbox 386 677 578 756; x_wconf 84' lang='lat' dir='ltr'><strong>patefactum</strong></span> <span class='ocrx_word' id='word_1_38' title='bbox 590 677 711 755; x_wconf 76' lang='lat' dir='ltr'><strong>suerit,</strong></span> <span class='ocrx_word' id='word_1_39' title='bbox 730 677 824 737; x_wconf 82' lang='lat' dir='ltr'><strong>etium</strong></span> <span class='ocrx_word' id='word_1_40' title='bbox 843 675 922 738; x_wconf 80' lang='lat' dir='ltr'><strong>illud</strong></span> <span class='ocrx_word' id='word_1_41' title='bbox 939 676 1140 753; x_wconf 80' lang='lat' dir='ltr'><strong>manifestum</strong></span> 
     </span>
     <span class='ocr_line' id='line_1_6' title="bbox 123 758 1139 841; baseline 0.002 -23"><span class='ocrx_word' id='word_1_42' title='bbox 123 761 220 838; x_wconf 83' lang='lat' dir='ltr'><strong>fore,</strong></span> <span class='ocrx_word' id='word_1_43' title='bbox 246 758 286 819; x_wconf 87' lang='lat' dir='ltr'><strong>de</strong></span> <span class='ocrx_word' id='word_1_44' title='bbox 317 779 376 841; x_wconf 86' lang='lat' dir='ltr'><strong>quo</strong></span> <span class='ocrx_word' id='word_1_45' title='bbox 403 761 640 841; x_wconf 68' lang='lat' dir='ltr'><strong><em>disputavimus,</em></strong></span> <span class='ocrx_word' id='word_1_46' title='bbox 666 768 772 824; x_wconf 76' lang='lat' dir='ltr'><strong>utram</strong></span> <span class='ocrx_word' id='word_1_47' title='bbox 797 762 895 823; x_wconf 76' lang='lat' dir='ltr'><strong>uirtus</strong></span> <span class='ocrx_word' id='word_1_48' title='bbox 914 760 1018 822; x_wconf 82' lang='lat' dir='ltr'><strong>doceri</strong></span> <span class='ocrx_word' id='word_1_49' title='bbox 1033 761 1139 841; x_wconf 85' lang='lat' dir='ltr'><strong>possit,</strong></span> 
     </span>
     <span class='ocr_line' id='line_1_7' title="bbox 130 841 1135 913; baseline 0.006 -9"><span class='ocrx_word' id='word_1_50' title='bbox 130 860 238 905; x_wconf 74' lang='lat' dir='ltr'><strong>neam.</strong></span> <span class='ocrx_word' id='word_1_51' title='bbox 278 841 407 913; x_wconf 74' lang='lat' dir='ltr'><strong>Rana.</strong></span> <span class='ocrx_word' id='word_1_52' title='bbox 427 845 674 909; x_wconf 72' lang='lat' dir='ltr'><strong>1).-aol.a</strong></span> <span class='ocrx_word' id='word_1_53' title='bbox 709 870 711 874; x_wconf 67' lang='grc'>’</span> <span class='ocrx_word' id='word_1_54' title='bbox 1110 856 1135 884; x_wconf 23' lang='grc' dir='ltr'>Ἀ</span> 
     </span>
    </p>
   </div>
   <div class='ocr_carea' id='block_1_3' title="bbox 218 956 1265 1045">
    <p class='ocr_par' dir='ltr' id='par_1_3' title="bbox 218 956 1265 1045">
     <span class='ocr_line' id='line_1_8' title="bbox 218 956 1265 1045; baseline -0.003 -21"><span class='ocrx_word' id='word_1_55' title='bbox 218 962 260 1024; x_wconf 85' lang='lat' dir='ltr'><strong>At</strong></span> <span class='ocrx_word' id='word_1_56' title='bbox 287 964 405 1024; x_wconf 90' lang='lat' dir='ltr'><strong>mirum·</strong></span> <span class='ocrx_word' id='word_1_57' title='bbox 422 961 561 1043; x_wconf 81' lang='lat' dir='ltr'><strong>quiddam</strong></span> <span class='ocrx_word' id='word_1_58' title='bbox 591 956 679 1027; x_wconf 84' lang='lat' dir='ltr'><strong>uobis</strong></span> <span class='ocrx_word' id='word_1_59' title='bbox 700 965 732 1029; x_wconf 85' lang='lat' dir='ltr'><strong>iri</strong></span> <span class='ocrx_word' id='word_1_60' title='bbox 751 962 809 1026; x_wconf 81' lang='lat' dir='ltr'><strong>hae</strong></span> <span class='ocrx_word' id='word_1_61' title='bbox 827 962 1034 1045; x_wconf 78' lang='lat' dir='ltr'><strong>‚disputatione</strong></span> <span class='ocrx_word' id='word_1_62' title='bbox 1055 962 1139 1025; x_wconf 85' lang='lat' dir='ltr'><strong>acci-</strong></span> <span class='ocrx_word' id='word_1_63' title='bbox 1262 980 1265 987; x_wconf 96' lang='lat'><em>·</em></span> 
     </span>
    </p>
   </div>
   <div class='ocr_carea' id='block_1_4' title="bbox 109 1042 1139 1807">
    <p class='ocr_par' dir='ltr' id='par_1_4' title="bbox 109 1042 1139 1807">
     <span class='ocr_line' id='line_1_9' title="bbox 133 1042 1139 1130; baseline 0.002 -22"><span class='ocrx_word' id='word_1_64' title='bbox 133 1047 189 1109; x_wconf 88' lang='lat' dir='ltr'><strong>dit.</strong></span> <span class='ocrx_word' id='word_1_65' title='bbox 229 1047 296 1127; x_wconf 77' lang='lat' dir='ltr'><strong>Ego</strong></span> <span class='ocrx_word' id='word_1_66' title='bbox 309 1042 420 1124; x_wconf 75' lang='lat' dir='ltr'><strong>enim,</strong></span> <span class='ocrx_word' id='word_1_67' title='bbox 439 1051 502 1129; x_wconf 88' lang='lat' dir='ltr'><strong>qui</strong></span> <span class='ocrx_word' id='word_1_68' title='bbox 526 1055 614 1110; x_wconf 85' lang='lat' dir='ltr'><strong>autea</strong></span> <span class='ocrx_word' id='word_1_69' title='bbox 639 1051 781 1111; x_wconf 79' lang='lat' dir='ltr'><strong>virtutem</strong></span> <span class='ocrx_word' id='word_1_70' title='bbox 806 1051 911 1113; x_wconf 86' lang='lat' dir='ltr'><strong>doceri</strong></span> <span class='ocrx_word' id='word_1_71' title='bbox 930 1068 1023 1130; x_wconf 84' lang='lat' dir='ltr'><strong>posse</strong></span> <span class='ocrx_word' id='word_1_72' title='bbox 1042 1068 1139 1129; x_wconf 87' lang='lat' dir='ltr'><strong>nega-</strong></span> 
     </span>
     <span class='ocr_line' id='line_1_10' title="bbox 129 1132 1138 1217; baseline 0.003 -24"><span class='ocrx_word' id='word_1_73' title='bbox 129 1133 209 1208; x_wconf 80' lang='lat' dir='ltr'><strong>bam,</strong></span> <span class='ocrx_word' id='word_1_74' title='bbox 231 1151 309 1195; x_wconf 87' lang='lat' dir='ltr'><strong>nuuc</strong></span> <span class='ocrx_word' id='word_1_75' title='bbox 328 1134 389 1195; x_wconf 89' lang='lat' dir='ltr'><strong>hoo</strong></span> <span class='ocrx_word' id='word_1_76' title='bbox 408 1136 508 1213; x_wconf 90' lang='lat' dir='ltr'><strong>ipsum</strong></span> <span class='ocrx_word' id='word_1_77' title='bbox 529 1135 664 1211; x_wconf 85' lang='lat' dir='ltr'><strong>affirmo,</strong></span> <span class='ocrx_word' id='word_1_78' title='bbox 691 1136 771 1214; x_wconf 90' lang='lat' dir='ltr'><strong>quod</strong></span> <span class='ocrx_word' id='word_1_79' title='bbox 792 1132 888 1197; x_wconf 86' lang='lat' dir='ltr'><strong>meae&#39;</strong></span> <span class='ocrx_word' id='word_1_80' title='bbox 898 1136 1009 1217; x_wconf 82' lang='lat' dir='ltr'><strong>rationi</strong></span> <span class='ocrx_word' id='word_1_81' title='bbox 1028 1137 1138 1197; x_wconf 90' lang='lat' dir='ltr'><strong>mirum</strong></span> 
     </span>
     <span class='ocr_line' id='line_1_11' title="bbox 131 1220 1138 1300; baseline 0.004 -23"><span class='ocrx_word' id='word_1_82' title='bbox 131 1224 276 1297; x_wconf 89' lang='lat' dir='ltr'><strong>quantum</strong></span> <span class='ocrx_word' id='word_1_83' title='bbox 297 1220 494 1295; x_wconf 72' lang='lat' dir='ltr'>adversatur,</span> <span class='ocrx_word' id='word_1_84' title='bbox 515 1221 627 1300; x_wconf 88' lang='lat' dir='ltr'><strong>quippe</strong></span> <span class='ocrx_word' id='word_1_85' title='bbox 650 1220 857 1281; x_wconf 85' lang='lat' dir='ltr'><strong>demonstrare</strong></span> <span class='ocrx_word' id='word_1_86' title='bbox 878 1220 1003 1282; x_wconf 76' lang='lat' dir='ltr'><strong>studens</strong></span> <span class='ocrx_word' id='word_1_87' title='bbox 1032 1239 1138 1282; x_wconf 88' lang='lat' dir='ltr'><strong>omues</strong></span> 
     </span>
     <span class='ocr_line' id='line_1_12' title="bbox 129 1303 1137 1387; baseline 0.001 -24"><span class='ocrx_word' id='word_1_88' title='bbox 129 1303 274 1378; x_wconf 78' lang='lat' dir='ltr'><strong>virtutes,</strong></span> <span class='ocrx_word' id='word_1_89' title='bbox 300 1310 333 1364; x_wconf 85' lang='lat' dir='ltr'><strong>et</strong></span> <span class='ocrx_word' id='word_1_90' title='bbox 359 1305 504 1366; x_wconf 85' lang='lat' dir='ltr'><strong>iustitiam</strong></span> <span class='ocrx_word' id='word_1_91' title='bbox 534 1314 566 1364; x_wconf 88' lang='lat' dir='ltr'><strong>et</strong></span> <span class='ocrx_word' id='word_1_92' title='bbox 598 1306 827 1387; x_wconf 82' lang='lat' dir='ltr'><strong>temperantiam</strong></span> <span class='ocrx_word' id='word_1_93' title='bbox 856 1310 889 1366; x_wconf 90' lang='lat' dir='ltr'><strong>et</strong></span> <span class='ocrx_word' id='word_1_94' title='bbox 914 1305 1137 1379; x_wconf 79' lang='lat' dir='ltr'><strong>sorttudtuem,</strong></span> 
     </span>
     <span class='ocr_line' id='line_1_13' title="bbox 130 1389 1138 1467; baseline 0.003 -19"><span class='ocrx_word' id='word_1_95' title='bbox 130 1389 257 1448; x_wconf 86' lang='lat' dir='ltr'><strong>scientia</strong></span> <span class='ocrx_word' id='word_1_96' title='bbox 278 1390 442 1455; x_wconf 78' lang='lat' dir='ltr'><strong>contineri:</strong></span> <span class='ocrx_word' id='word_1_97' title='bbox 465 1408 522 1466; x_wconf 89' lang='lat' dir='ltr'><strong>qua</strong></span> <span class='ocrx_word' id='word_1_98' title='bbox 544 1389 664 1466; x_wconf 89' lang='lat' dir='ltr'><strong>quidem</strong></span> <span class='ocrx_word' id='word_1_99' title='bbox 684 1390 802 1448; x_wconf 89' lang='lat' dir='ltr'><strong>ratione</strong></span> <span class='ocrx_word' id='word_1_100' title='bbox 822 1391 1051 1467; x_wconf 84' lang='lat' dir='ltr'><strong>probatavirtus</strong></span> <span class='ocrx_word' id='word_1_101' title='bbox 1072 1410 1138 1451; x_wconf 89' lang='lat' dir='ltr'><strong>ma-</strong></span> 
     </span>
     <span class='ocr_line' id='line_1_14' title="bbox 130 1473 1137 1552; baseline 0.001 -19"><span class='ocrx_word' id='word_1_102' title='bbox 130 1474 212 1533; x_wconf 83' lang='lat' dir='ltr'><strong>xime</strong></span> <span class='ocrx_word' id='word_1_103' title='bbox 239 1473 345 1533; x_wconf 88' lang='lat' dir='ltr'><strong>doceri</strong></span> <span class='ocrx_word' id='word_1_104' title='bbox 372 1491 465 1552; x_wconf 86' lang='lat' dir='ltr'><strong>posse</strong></span> <span class='ocrx_word' id='word_1_105' title='bbox 492 1473 650 1534; x_wconf 84' lang='lat' dir='ltr'><strong>ridebitur.</strong></span> <span class='ocrx_word' id='word_1_106' title='bbox 698 1473 748 1533; x_wconf 79' lang='lat' dir='ltr'><strong>&#39;l&#39;u</strong></span> <span class='ocrx_word' id='word_1_107' title='bbox 775 1483 897 1549; x_wconf 81' lang='lat' dir='ltr'><strong>contra,</strong></span> <span class='ocrx_word' id='word_1_108' title='bbox 924 1475 975 1552; x_wconf 92' lang='lat' dir='ltr'><strong>qui</strong></span> <span class='ocrx_word' id='word_1_109' title='bbox 996 1474 1137 1535; x_wconf 80' lang='lat' dir='ltr'><strong>virtutem</strong></span> 
     </span>
     <span class='ocr_line' id='line_1_15' title="bbox 129 1557 1138 1638; baseline 0.003 -21"><span class='ocrx_word' id='word_1_110' title='bbox 129 1557 289 1638; x_wconf 75' lang='lat' dir='ltr'><strong>disciplina</strong></span> <span class='ocrx_word' id='word_1_111' title='bbox 310 1558 475 1637; x_wconf 86' lang='lat' dir='ltr'><strong>comparari</strong></span> <span class='ocrx_word' id='word_1_112' title='bbox 496 1565 589 1637; x_wconf 88' lang='lat' dir='ltr'><strong>posse</strong></span> <span class='ocrx_word' id='word_1_113' title='bbox 610 1563 697 1635; x_wconf 84' lang='lat' dir='ltr'><strong>antea</strong></span> <span class='ocrx_word' id='word_1_114' title='bbox 717 1558 833 1632; x_wconf 81' lang='lat' dir='ltr'><strong>aiebas,</strong></span> <span class='ocrx_word' id='word_1_115' title='bbox 849 1577 933 1620; x_wconf 88' lang='lat' dir='ltr'><strong>nunc</strong></span> <span class='ocrx_word' id='word_1_116' title='bbox 955 1560 1138 1620; x_wconf 87' lang='lat' dir='ltr'><strong>contrarium</strong></span> 
     </span>
     <span class='ocr_line' id='line_1_16' title="bbox 129 1643 1138 1723; baseline 0 -20"><span class='ocrx_word' id='word_1_117' title='bbox 129 1647 268 1703; x_wconf 80' lang='lat' dir='ltr'><strong>statuere</strong></span> <span class='ocrx_word' id='word_1_118' title='bbox 298 1643 427 1716; x_wconf 83' lang='lat' dir='ltr'><strong>videris,</strong></span> <span class='ocrx_word' id='word_1_119' title='bbox 456 1645 568 1723; x_wconf 85' lang='lat' dir='ltr'><strong>quippe</strong></span> <span class='ocrx_word' id='word_1_120' title='bbox 597 1663 686 1722; x_wconf 90' lang='lat' dir='ltr'><strong>quum</strong></span> <span class='ocrx_word' id='word_1_121' title='bbox 714 1643 745 1702; x_wconf 88' lang='lat' dir='ltr'><strong>id</strong></span> <span class='ocrx_word' id='word_1_122' title='bbox 773 1643 900 1705; x_wconf 89' lang='lat' dir='ltr'><strong>ellicere</strong></span> <span class='ocrx_word' id='word_1_123' title='bbox 926 1643 1068 1717; x_wconf 83' lang='lat' dir='ltr'><strong>studeas,</strong></span> <span class='ocrx_word' id='word_1_124' title='bbox 1102 1649 1138 1704; x_wconf 89' lang='lat' dir='ltr'><strong>ut</strong></span> 
     </span>
     <span class='ocr_line' id='line_1_17' title="bbox 109 1722 1137 1807; baseline 0.002 -20"><span class='ocrx_word' id='word_1_125' title='bbox 109 1728 235 1807; x_wconf 63' lang='lat' dir='ltr'><strong>*qumvis</strong></span> <span class='ocrx_word' id='word_1_126' title='bbox 258 1726 316 1788; x_wconf 80' lang='lat' dir='ltr'><strong>alia</strong></span> <span class='ocrx_word' id='word_1_127' title='bbox 336 1734 371 1788; x_wconf 80' lang='lat' dir='ltr'><strong>&#39;re</strong></span> <span class='ocrx_word' id='word_1_128' title='bbox 393 1728 493 1806; x_wconf 90' lang='lat' dir='ltr'><strong>potius</strong></span> <span class='ocrx_word' id='word_1_129' title='bbox 521 1748 610 1806; x_wconf 88' lang='lat' dir='ltr'><strong>quam</strong></span> <span class='ocrx_word' id='word_1_130' title='bbox 631 1729 754 1788; x_wconf 88' lang='lat' dir='ltr'><strong>scientia</strong></span> <span class='ocrx_word' id='word_1_131' title='bbox 785 1733 925 1790; x_wconf 88' lang='lat' dir='ltr'><strong>contenta</strong></span> <span class='ocrx_word' id='word_1_132' title='bbox 946 1722 1016 1790; x_wconf 78' lang='lat' dir='ltr'><strong>esse</strong></span> <span class='ocrx_word' id='word_1_133' title='bbox 1035 1728 1137 1789; x_wconf 80' lang='lat' dir='ltr'><strong>sitlea-</strong></span> 
     </span>
    </p>
   </div>
   <div class='ocr_carea' id='block_1_5' title="bbox 129 1810 1272 1979">
    <p class='ocr_par' dir='ltr' id='par_1_5' title="bbox 129 1810 1272 1979">
     <span class='ocr_line' id='line_1_18' title="bbox 130 1810 1243 1894; baseline 0.001 -21"><span class='ocrx_word' id='word_1_134' title='bbox 130 1821 190 1873; x_wconf 88' lang='lat' dir='ltr'><strong>tur.</strong></span> <span class='ocrx_word' id='word_1_135' title='bbox 214 1847 252 1858; x_wconf 92' lang='lat'>-</span> <span class='ocrx_word' id='word_1_136' title='bbox 299 1811 455 1888; x_wconf 70' lang='lat' dir='ltr'><strong>Quocirca,</strong></span> <span class='ocrx_word' id='word_1_137' title='bbox 476 1834 567 1894; x_wconf 75' lang='lat' dir='ltr'><strong>qurum</strong></span> <span class='ocrx_word' id='word_1_138' title='bbox 588 1815 690 1874; x_wconf 79' lang='lat' dir='ltr'><strong>omniu</strong></span> <span class='ocrx_word' id='word_1_139' title='bbox 711 1814 786 1887; x_wconf 77' lang='lat' dir='ltr'><strong>mire</strong></span> <span class='ocrx_word' id='word_1_140' title='bbox 804 1814 986 1894; x_wconf 78' lang='lat' dir='ltr'><strong>perturbata</strong></span> <span class='ocrx_word' id='word_1_141' title='bbox 1005 1816 1135 1887; x_wconf 77' lang='lat' dir='ltr'><strong>tcme&#39;re-</strong></span> <span class='ocrx_word' id='word_1_142' title='bbox 1238 1810 1243 1825; x_wconf 67' lang='grc'><em>“</em></span> 
     </span>
     <span class='ocr_line' id='line_1_19' title="bbox 129 1898 1272 1979; baseline 0.001 -22"><span class='ocrx_word' id='word_1_143' title='bbox 129 1919 188 1979; x_wconf 87' lang='lat' dir='ltr'><strong>qne</strong></span> <span class='ocrx_word' id='word_1_144' title='bbox 216 1899 314 1957; x_wconf 78' lang='lat' dir='ltr'><strong>mista</strong></span> <span class='ocrx_word' id='word_1_145' title='bbox 339 1898 515 1973; x_wconf 80' lang='lat' dir='ltr'><strong>uideamus,</strong></span> <span class='ocrx_word' id='word_1_146' title='bbox 542 1899 680 1979; x_wconf 80' lang='lat' dir='ltr'><strong>equidem</strong></span> <span class='ocrx_word' id='word_1_147' title='bbox 697 1899 864 1978; x_wconf 71' lang='lat' dir='ltr'><strong>pervelim,</strong></span> <span class='ocrx_word' id='word_1_148' title='bbox 895 1899 1140 1979; x_wconf 67' lang='lat' dir='ltr'><strong>interioritatis</strong></span> <span class='ocrx_word' id='word_1_149' title='bbox 1234 1940 1237 1955; x_wconf 64' lang='lat'><em>‚</em></span> <span class='ocrx_word' id='word_1_150' title='bbox 1269 1928 1272 1935; x_wconf 96' lang='lat'>·</span> 
     </span>
    </p>
   </div>
   <div class='ocr_carea' id='block_1_6' title="bbox 128 1981 1137 2064">
    <p class='ocr_par' dir='ltr' id='par_1_6' title="bbox 128 1981 1137 2064">
     <span class='ocr_line' id='line_1_20' title="bbox 128 1981 1137 2064; baseline 0 -20"><span class='ocrx_word' id='word_1_151' title='bbox 128 1990 274 2044; x_wconf 83' lang='lat' dir='ltr'><strong>naturum</strong></span> <span class='ocrx_word' id='word_1_152' title='bbox 295 1983 557 2064; x_wconf 79' lang='lat' dir='ltr'><strong>contemplandam</strong></span> <span class='ocrx_word' id='word_1_153' title='bbox 579 1981 781 2055; x_wconf 82' lang='lat' dir='ltr'><strong>accedamus,</strong></span> <span class='ocrx_word' id='word_1_154' title='bbox 804 2002 841 2043; x_wconf 85' lang='lat' dir='ltr'><strong>ue</strong></span> <span class='ocrx_word' id='word_1_155' title='bbox 854 1991 920 2047; x_wconf 86' lang='lat' dir='ltr'><strong>tum</strong></span> <span class='ocrx_word' id='word_1_156' title='bbox 939 1984 1061 2061; x_wconf 81' lang='lat' dir='ltr'><strong>demmn</strong></span> <span class='ocrx_word' id='word_1_157' title='bbox 1078 1985 1137 2044; x_wconf 80' lang='lat' dir='ltr'><strong>ite-</strong></span> 
     </span>
    </p>
   </div>
   <div class='ocr_carea' id='block_1_7' title="bbox 127 2067 1138 2216">
    <p class='ocr_par' dir='ltr' id='par_1_7' title="bbox 127 2067 1138 2216">
     <span class='ocr_line' id='line_1_21' title="bbox 127 2067 1138 2216; baseline 0.002 -88"><span class='ocrx_word' id='word_1_158' title='bbox 127 2087 197 2216; x_wconf 59' lang='lat' dir='ltr'><strong>Zsm</strong></span> <span class='ocrx_word' id='word_1_159' title='bbox 218 2087 409 2213; x_wconf 64' lang='lat' dir='ltr'><strong>qnipesamua,</strong></span> <span class='ocrx_word' id='word_1_160' title='bbox 430 2076 534 2130; x_wconf 78' lang='lat' dir='ltr'><strong>uiuum</strong></span> <span class='ocrx_word' id='word_1_161' title='bbox 555 2089 593 2130; x_wconf 86' lang='lat' dir='ltr'><strong>ea</strong></span> <span class='ocrx_word' id='word_1_162' title='bbox 615 2068 717 2129; x_wconf 76' lang='lat' dir='ltr'><strong>doceri</strong></span> <span class='ocrx_word' id='word_1_163' title='bbox 729 2068 840 2151; x_wconf 81' lang='lat' dir='ltr'><strong>possit,</strong></span> <span class='ocrx_word' id='word_1_164' title='bbox 860 2087 965 2136; x_wconf 80' lang='lat' dir='ltr'><strong>neone.</strong></span> <span class='ocrx_word' id='word_1_165' title='bbox 1006 2067 1042 2130; x_wconf 82' lang='grc' dir='ltr'><strong>Ρ.</strong></span> <span class='ocrx_word' id='word_1_166' title='bbox 1063 2069 1138 2130; x_wconf 76' lang='lat' dir='ltr'><strong>sol.</strong></span> 
     </span>
    </p>
   </div>
   <div class='ocr_carea' id='block_1_8' title="bbox 128 2269 1154 2781">
    <p class='ocr_par' dir='ltr' id='par_1_8' title="bbox 128 2269 1154 2781">
     <span class='ocr_line' id='line_1_22' title="bbox 160 2269 1137 2352; baseline 0 -20"><span class='ocrx_word' id='word_1_167' title='bbox 160 2269 166 2278; x_wconf 88' lang='lat'>&#39;</span> <span class='ocrx_word' id='word_1_168' title='bbox 212 2270 278 2333; x_wconf 84' lang='lat' dir='ltr'><strong>Sed</strong></span> <span class='ocrx_word' id='word_1_169' title='bbox 305 2269 505 2350; x_wconf 73' lang='lat' dir='ltr'><strong>Protagoras,</strong></span> <span class='ocrx_word' id='word_1_170' title='bbox 534 2270 676 2351; x_wconf 78' lang='lat' dir='ltr'><strong>colloquii</strong></span> <span class='ocrx_word' id='word_1_171' title='bbox 694 2273 784 2348; x_wconf 82' lang='lat' dir='ltr'><strong>istius</strong></span> <span class='ocrx_word' id='word_1_172' title='bbox 805 2277 976 2352; x_wconf 82' lang='lat' dir='ltr'><strong>pertaesus,</strong></span> <span class='ocrx_word' id='word_1_173' title='bbox 995 2271 1027 2332; x_wconf 91' lang='lat' dir='ltr'><strong>in</strong></span> <span class='ocrx_word' id='word_1_174' title='bbox 1047 2289 1137 2351; x_wconf 88' lang='lat' dir='ltr'><strong>prae-</strong></span> 
     </span>
     <span class='ocr_line' id='line_1_23' title="bbox 129 2357 1137 2438; baseline -0.003 -20"><span class='ocrx_word' id='word_1_175' title='bbox 129 2358 211 2418; x_wconf 80' lang='lat' dir='ltr'><strong>senti</strong></span> <span class='ocrx_word' id='word_1_176' title='bbox 227 2375 288 2419; x_wconf 90' lang='lat' dir='ltr'><strong>nou</strong></span> <span class='ocrx_word' id='word_1_177' title='bbox 308 2358 373 2418; x_wconf 80' lang='lat' dir='ltr'><strong>vsrlt</strong></span> <span class='ocrx_word' id='word_1_178' title='bbox 393 2359 504 2432; x_wconf 85' lang='lat' dir='ltr'><strong>diutius</strong></span> <span class='ocrx_word' id='word_1_179' title='bbox 526 2357 565 2417; x_wconf 90' lang='lat' dir='ltr'><strong>de</strong></span> <span class='ocrx_word' id='word_1_180' title='bbox 585 2357 643 2417; x_wconf 88' lang='lat' dir='ltr'><strong>hac</strong></span> <span class='ocrx_word' id='word_1_181' title='bbox 663 2377 699 2418; x_wconf 86' lang='lat' dir='ltr'><strong>ra</strong></span> <span class='ocrx_word' id='word_1_182' title='bbox 719 2357 883 2438; x_wconf 83' lang='lat' dir='ltr'><strong>disputari:</strong></span> <span class='ocrx_word' id='word_1_183' title='bbox 904 2364 1060 2420; x_wconf 80' lang='lat' dir='ltr'><strong>uttamen</strong></span> <span class='ocrx_word' id='word_1_184' title='bbox 1081 2357 1137 2416; x_wconf 88' lang='lat' dir='ltr'><strong>do-</strong></span> 
     </span>
     <span class='ocr_line' id='line_1_24' title="bbox 128 2438 1138 2523; baseline -0.001 -21"><span class='ocrx_word' id='word_1_185' title='bbox 128 2443 225 2503; x_wconf 89' lang='lat' dir='ltr'><strong>lorem</strong></span> <span class='ocrx_word' id='word_1_186' title='bbox 253 2450 286 2503; x_wconf 86' lang='lat' dir='ltr'><strong>et</strong></span> <span class='ocrx_word' id='word_1_187' title='bbox 306 2443 541 2520; x_wconf 82' lang='lat' dir='ltr'><strong>indignationem</strong></span> <span class='ocrx_word' id='word_1_188' title='bbox 561 2443 651 2523; x_wconf 85' lang='lat' dir='ltr'><strong>animi</strong></span> <span class='ocrx_word' id='word_1_189' title='bbox 677 2443 866 2515; x_wconf 77' lang='lat' dir='ltr'><strong>dissimulet,</strong></span> <span class='ocrx_word' id='word_1_190' title='bbox 889 2438 1062 2513; x_wconf 75' lang='lat' dir='ltr'><strong>Socratem,</strong></span> <span class='ocrx_word' id='word_1_191' title='bbox 1083 2441 1138 2501; x_wconf 87' lang='lat' dir='ltr'><strong>ad·</strong></span> 
     </span>
     <span class='ocr_line' id='line_1_25' title="bbox 128 2524 1138 2603; baseline -0.002 -17"><span class='ocrx_word' id='word_1_192' title='bbox 128 2529 189 2589; x_wconf 90' lang='lat' dir='ltr'><strong>huo</strong></span> <span class='ocrx_word' id='word_1_193' title='bbox 210 2529 366 2599; x_wconf 85' lang='lat' dir='ltr'><strong>iuvenem,</strong></span> <span class='ocrx_word' id='word_1_194' title='bbox 388 2524 552 2603; x_wconf 82' lang='lat' dir='ltr'><strong>magnificis</strong></span> <span class='ocrx_word' id='word_1_195' title='bbox 574 2525 711 2590; x_wconf 87' lang='lat' dir='ltr'><strong>laudibus</strong></span> <span class='ocrx_word' id='word_1_196' title='bbox 734 2530 829 2599; x_wconf 88' lang='lat' dir='ltr'><strong>ornat,</strong></span> <span class='ocrx_word' id='word_1_197' title='bbox 852 2524 1138 2602; x_wconf 85' lang='lat' dir='ltr'><strong>eumquevaticina-</strong></span> 
     </span>
     <span class='ocr_line' id='line_1_26' title="bbox 128 2609 1154 2690; baseline 0.001 -18"><span class='ocrx_word' id='word_1_198' title='bbox 128 2620 181 2672; x_wconf 87' lang='lat' dir='ltr'><strong>tur</strong></span> <span class='ocrx_word' id='word_1_199' title='bbox 201 2610 357 2689; x_wconf 88' lang='lat' dir='ltr'><strong>aliquando</strong></span> <span class='ocrx_word' id='word_1_200' title='bbox 378 2609 471 2671; x_wconf 83' lang='lat' dir='ltr'><strong>talem</strong></span> <span class='ocrx_word' id='word_1_201' title='bbox 492 2609 680 2684; x_wconf 83' lang='lat' dir='ltr'><strong>exstiturum,</strong></span> <span class='ocrx_word' id='word_1_202' title='bbox 703 2612 753 2689; x_wconf 91' lang='lat' dir='ltr'><strong>qui</strong></span> <span class='ocrx_word' id='word_1_203' title='bbox 774 2611 978 2672; x_wconf 82' lang='lat' dir='ltr'><strong>meritointer</strong></span> <span class='ocrx_word' id='word_1_204' title='bbox 990 2610 1072 2690; x_wconf 75' lang='lat' dir='ltr'><strong>siros</strong></span> <span class='ocrx_word' id='word_1_205' title='bbox 1085 2628 1154 2673; x_wconf 18' lang='lat' dir='ltr'><strong>sa-v-</strong></span> 
     </span>
     <span class='ocr_line' id='line_1_27' title="bbox 128 2695 912 2781; baseline -0.003 -23"><span class='ocrx_word' id='word_1_206' title='bbox 128 2697 262 2781; x_wconf 85' lang='lat' dir='ltr'><strong>pientiae</strong></span> <span class='ocrx_word' id='word_1_207' title='bbox 282 2695 372 2757; x_wconf 89' lang='lat' dir='ltr'><strong>laude</strong></span> <span class='ocrx_word' id='word_1_208' title='bbox 392 2695 573 2774; x_wconf 83' lang='lat' dir='ltr'><strong>conspicuos</strong></span> <span class='ocrx_word' id='word_1_209' title='bbox 596 2696 747 2757; x_wconf 87' lang='lat' dir='ltr'><strong>numerari</strong></span> <span class='ocrx_word' id='word_1_210' title='bbox 766 2697 873 2776; x_wconf 90' lang='lat' dir='ltr'><strong>possit.</strong></span> <span class='ocrx_word' id='word_1_211' title='bbox 910 2732 912 2737; x_wconf 93' lang='lat'>·</span> 
     </span>
    </p>
   </div>
   <div class='ocr_carea' id='block_1_9' title="bbox 213 2808 1267 2911">
    <p class='ocr_par' dir='ltr' id='par_1_9' title="bbox 213 2808 1267 2911">
     <span class='ocr_line' id='line_1_28' title="bbox 213 2808 1267 2911; baseline -0.003 -19"><span class='ocrx_word' id='word_1_212' title='bbox 213 2830 282 2893; x_wconf 87' lang='lat' dir='ltr'><strong>Hoc</strong></span> <span class='ocrx_word' id='word_1_213' title='bbox 307 2831 399 2911; x_wconf 88' lang='lat' dir='ltr'><strong>igitur</strong></span> <span class='ocrx_word' id='word_1_214' title='bbox 425 2808 633 2909; x_wconf 83' lang='lat' dir='ltr'><strong>argumentum</strong></span> <span class='ocrx_word' id='word_1_215' title='bbox 661 2830 772 2909; x_wconf 82' lang='lat' dir='ltr'><strong>dialogi</strong></span> <span class='ocrx_word' id='word_1_216' title='bbox 797 2837 854 2899; x_wconf 87' lang='lat' dir='ltr'><strong>est.</strong></span> <span class='ocrx_word' id='word_1_217' title='bbox 906 2828 994 2908; x_wconf 80' lang='lat' dir='ltr'><strong>Quod</strong></span> <span class='ocrx_word' id='word_1_218' title='bbox 1014 2831 1073 2892; x_wconf 88' lang='lat' dir='ltr'><strong>etsi</strong></span> <span class='ocrx_word' id='word_1_219' title='bbox 1096 2830 1192 2893; x_wconf 56' lang='lat' dir='ltr'><strong>ad*</strong></span> <span class='ocrx_word' id='word_1_220' title='bbox 1261 2852 1267 2857; x_wconf 96' lang='lat'>·</span> 
     </span>
    </p>
   </div>
   <div class='ocr_carea' id='block_1_10' title="bbox 126 2913 1174 3082">
    <p class='ocr_par' dir='ltr' id='par_1_10' title="bbox 126 2913 1174 3082">
     <span class='ocr_line' id='line_1_29' title="bbox 126 2913 1174 3000; baseline -0.003 -23"><span class='ocrx_word' id='word_1_221' title='bbox 126 2919 372 3000; x_wconf 89' lang='lat' dir='ltr'><strong>perspiciendum</strong></span> <span class='ocrx_word' id='word_1_222' title='bbox 392 2913 641 2994; x_wconf 85' lang='lat' dir='ltr'><strong>iudicandumque</strong></span> <span class='ocrx_word' id='word_1_223' title='bbox 660 2933 720 2976; x_wconf 90' lang='lat' dir='ltr'><strong>non</strong></span> <span class='ocrx_word' id='word_1_224' title='bbox 746 2921 806 2976; x_wconf 90' lang='lat' dir='ltr'><strong>tam</strong></span> <span class='ocrx_word' id='word_1_225' title='bbox 835 2914 928 2977; x_wconf 82' lang='lat' dir='ltr'><strong>facile</strong></span> <span class='ocrx_word' id='word_1_226' title='bbox 956 2921 1021 2990; x_wconf 87' lang='lat' dir='ltr'><strong>est,</strong></span> <span class='ocrx_word' id='word_1_227' title='bbox 1048 2934 1137 2994; x_wconf 85' lang='lat' dir='ltr'><strong>quarn</strong></span> <span class='ocrx_word' id='word_1_228' title='bbox 1172 2939 1174 2944; x_wconf 95' lang='lat'>·</span> 
     </span>
     <span class='ocr_line' id='line_1_30' title="bbox 127 2999 1136 3082; baseline -0.003 -19"><span class='ocrx_word' id='word_1_229' title='bbox 127 3004 229 3065; x_wconf 85' lang='lat' dir='ltr'><strong>multis</strong></span> <span class='ocrx_word' id='word_1_230' title='bbox 251 3004 347 3063; x_wconf 88' lang='lat' dir='ltr'><strong>videri</strong></span> <span class='ocrx_word' id='word_1_231' title='bbox 363 3002 562 3075; x_wconf 87' lang='lat' dir='ltr'><strong>meminimus,</strong></span> <span class='ocrx_word' id='word_1_232' title='bbox 583 3007 685 3061; x_wconf 88' lang='lat' dir='ltr'><strong>tamen</strong></span> <span class='ocrx_word' id='word_1_233' title='bbox 705 2999 780 3061; x_wconf 90' lang='lat' dir='ltr'><strong>illud</strong></span> <span class='ocrx_word' id='word_1_234' title='bbox 802 3001 921 3082; x_wconf 80' lang='lat' dir='ltr'><strong>quidem</strong></span> <span class='ocrx_word' id='word_1_235' title='bbox 942 3000 1013 3061; x_wconf 88' lang='lat' dir='ltr'><strong>inde</strong></span> <span class='ocrx_word' id='word_1_236' title='bbox 1027 3002 1136 3061; x_wconf 85' lang='lat' dir='ltr'><strong>certis·</strong></span> 
     </span>
    </p>
   </div>
   <div class='ocr_carea' id='block_1_11' title="bbox 126 3074 1253 3252">
    <p class='ocr_par' dir='ltr' id='par_1_11' title="bbox 126 3074 1253 3252">
     <span class='ocr_line' id='line_1_31' title="bbox 128 3074 1253 3169; baseline -0.003 -20"><span class='ocrx_word' id='word_1_237' title='bbox 128 3090 203 3149; x_wconf 87' lang='lat' dir='ltr'><strong>sime</strong></span> <span class='ocrx_word' id='word_1_238' title='bbox 224 3107 371 3169; x_wconf 88' lang='lat' dir='ltr'><strong>apparere</strong></span> <span class='ocrx_word' id='word_1_239' title='bbox 393 3087 605 3166; x_wconf 82' lang='lat' dir='ltr'><strong>existimamus,</strong></span> <span class='ocrx_word' id='word_1_240' title='bbox 627 3086 796 3146; x_wconf 80' lang='lat' dir='ltr'><strong>smlversam</strong></span> <span class='ocrx_word' id='word_1_241' title='bbox 817 3086 1050 3165; x_wconf 87' lang='lat' dir='ltr'><strong>disputationem</strong></span> <span class='ocrx_word' id='word_1_242' title='bbox 1063 3105 1135 3166; x_wconf 88' lang='lat' dir='ltr'><strong>per·</strong></span> <span class='ocrx_word' id='word_1_243' title='bbox 1250 3074 1253 3081; x_wconf 73' lang='grc'><strong>’</strong></span> 
     </span>
     <span class='ocr_line' id='line_1_32' title="bbox 126 3170 1221 3252; baseline -0.004 -18"><span class='ocrx_word' id='word_1_244' title='bbox 126 3175 226 3234; x_wconf 84' lang='lat' dir='ltr'><strong>tinere</strong></span> <span class='ocrx_word' id='word_1_245' title='bbox 244 3172 295 3250; x_wconf 82' lang='lat' dir='ltr'><strong>eo,</strong></span> <span class='ocrx_word' id='word_1_246' title='bbox 315 3179 352 3234; x_wconf 90' lang='lat' dir='ltr'><strong>ut</strong></span> <span class='ocrx_word' id='word_1_247' title='bbox 367 3171 558 3252; x_wconf 85' lang='lat' dir='ltr'><strong>disciplinam</strong></span> <span class='ocrx_word' id='word_1_248' title='bbox 578 3170 697 3233; x_wconf 73' lang='lat' dir='ltr'><strong>rimatis</strong></span> <span class='ocrx_word' id='word_1_249' title='bbox 719 3171 914 3250; x_wconf 88' lang='lat' dir='ltr'><strong>sophisticam</strong></span> <span class='ocrx_word' id='word_1_250' title='bbox 934 3171 1043 3251; x_wconf 75' lang='lat' dir='ltr'><strong>nullius</strong></span> <span class='ocrx_word' id='word_1_251' title='bbox 1059 3186 1135 3252; x_wconf 87' lang='lat' dir='ltr'><strong>pre-</strong></span> <span class='ocrx_word' id='word_1_252' title='bbox 1157 3223 1159 3227; x_wconf 95' lang='lat'><em>.</em></span> <span class='ocrx_word' id='word_1_253' title='bbox 1219 3232 1221 3236; x_wconf 77' lang='grc'><em>,</em></span> 
     </span>
    </p>
   </div>
   <div class='ocr_carea' id='block_1_12' title="bbox 126 3254 1133 3341">
    <p class='ocr_par' dir='ltr' id='par_1_12' title="bbox 126 3254 1133 3341">
     <span class='ocr_line' id='line_1_33' title="bbox 126 3254 1133 3341; baseline -0.006 -20"><span class='ocrx_word' id='word_1_254' title='bbox 126 3260 164 3321; x_wconf 88' lang='lat' dir='ltr'><strong>tii</strong></span> <span class='ocrx_word' id='word_1_255' title='bbox 185 3277 255 3321; x_wconf 85' lang='lat' dir='ltr'><strong>esse</strong></span> <span class='ocrx_word' id='word_1_256' title='bbox 282 3258 477 3320; x_wconf 86' lang='lat' dir='ltr'><strong>festivissima</strong></span> <span class='ocrx_word' id='word_1_257' title='bbox 508 3254 711 3335; x_wconf 81' lang='lat' dir='ltr'><strong>disputatione</strong></span> <span class='ocrx_word' id='word_1_258' title='bbox 732 3255 887 3332; x_wconf 87' lang='lat' dir='ltr'><strong>doceatur,</strong></span> <span class='ocrx_word' id='word_1_259' title='bbox 910 3261 942 3318; x_wconf 88' lang='lat' dir='ltr'><strong>et</strong></span> <span class='ocrx_word' id='word_1_260' title='bbox 961 3276 1052 3316; x_wconf 91' lang='lat' dir='ltr'><strong>uuum</strong></span> <span class='ocrx_word' id='word_1_261' title='bbox 1075 3257 1133 3341; x_wconf 81' lang='lat' dir='ltr'><strong>Sp-</strong></span> 
     </span>
    </p>
   </div>
   <div class='ocr_carea' id='block_1_13' title="bbox 128 3342 1274 3424">
    <p class='ocr_par' dir='ltr' id='par_1_13' title="bbox 128 3342 1274 3424">
     <span class='ocr_line' id='line_1_34' title="bbox 128 3342 1274 3424; baseline -0.002 -21"><span class='ocrx_word' id='word_1_262' title='bbox 128 3348 256 3403; x_wconf 86' lang='lat' dir='ltr'><strong>cratem.</strong></span> <span class='ocrx_word' id='word_1_263' title='bbox 279 3343 471 3424; x_wconf 77' lang='lat' dir='ltr'><strong>significetur,</strong></span> <span class='ocrx_word' id='word_1_264' title='bbox 492 3343 652 3422; x_wconf 84' lang='lat' dir='ltr'><strong>&#39;optimum</strong></span> <span class='ocrx_word' id='word_1_265' title='bbox 686 3359 757 3424; x_wconf 83' lang='lat' dir='ltr'><strong>esse</strong></span> <span class='ocrx_word' id='word_1_266' title='bbox 795 3342 915 3403; x_wconf 83' lang='lat' dir='ltr'><strong>virtutis</strong></span> <span class='ocrx_word' id='word_1_267' title='bbox 946 3343 1150 3420; x_wconf 76' lang='lat' dir='ltr'><strong>magistrum.‘</strong></span> <span class='ocrx_word' id='word_1_268' title='bbox 1272 3352 1274 3357; x_wconf 86' lang='lat'>&#39;</span> 
     </span>
    </p>
   </div>
   <div class='ocr_carea' id='block_1_14' title="bbox 125 3425 1156 3764">
    <p class='ocr_par' dir='ltr' id='par_1_14' title="bbox 125 3425 1156 3764">
     <span class='ocr_line' id='line_1_35' title="bbox 128 3425 1133 3510; baseline 0.001 -23"><span class='ocrx_word' id='word_1_269' title='bbox 128 3428 301 3507; x_wconf 76' lang='lat' dir='ltr'><strong>Quanquam</strong></span> <span class='ocrx_word' id='word_1_270' title='bbox 328 3435 517 3510; x_wconf 80' lang='lat' dir='ltr'><strong>postremum</strong></span> <span class='ocrx_word' id='word_1_271' title='bbox 544 3426 626 3487; x_wconf 88' lang='lat' dir='ltr'><strong>istud</strong></span> <span class='ocrx_word' id='word_1_272' title='bbox 652 3444 713 3488; x_wconf 88' lang='lat' dir='ltr'><strong>nou</strong></span> <span class='ocrx_word' id='word_1_273' title='bbox 741 3426 855 3489; x_wconf 84' lang='lat' dir='ltr'><strong>diserte</strong></span> <span class='ocrx_word' id='word_1_274' title='bbox 880 3425 1045 3499; x_wconf 82' lang='lat' dir='ltr'><strong>iudicatur,</strong></span> <span class='ocrx_word' id='word_1_275' title='bbox 1076 3427 1133 3488; x_wconf 85' lang='lat' dir='ltr'><strong>scd</strong></span> 
     </span>
     <span class='ocr_line' id='line_1_36' title="bbox 126 3509 1156 3592; baseline -0.001 -19"><span class='ocrx_word' id='word_1_276' title='bbox 126 3513 204 3592; x_wconf 83' lang='lat' dir='ltr'><strong>ipsis</strong></span> <span class='ocrx_word' id='word_1_277' title='bbox 226 3513 393 3592; x_wconf 86' lang='lat' dir='ltr'><strong>legentibus</strong></span> <span class='ocrx_word' id='word_1_278' title='bbox 415 3532 455 3573; x_wconf 79' lang='lat' dir='ltr'><strong>er</strong></span> <span class='ocrx_word' id='word_1_279' title='bbox 481 3512 612 3572; x_wconf 84' lang='lat' dir='ltr'><strong>universi</strong></span> <span class='ocrx_word' id='word_1_280' title='bbox 641 3510 711 3574; x_wconf 88' lang='lat' dir='ltr'><strong>libri</strong></span> <span class='ocrx_word' id='word_1_281' title='bbox 736 3516 912 3592; x_wconf 87' lang='lat' dir='ltr'><strong>argumento</strong></span> <span class='ocrx_word' id='word_1_282' title='bbox 944 3509 1156 3572; x_wconf 86' lang='lat' dir='ltr'><strong>divinandum&#39;</strong></span> 
     </span>
     <span class='ocr_line' id='line_1_37' title="bbox 125 3596 1132 3678; baseline 0 -19"><span class='ocrx_word' id='word_1_283' title='bbox 125 3597 321 3676; x_wconf 84' lang='lat' dir='ltr'><strong>relinquitur:</strong></span> <span class='ocrx_word' id='word_1_284' title='bbox 349 3599 429 3677; x_wconf 89' lang='lat' dir='ltr'><strong>quod</strong></span> <span class='ocrx_word' id='word_1_285' title='bbox 457 3598 556 3678; x_wconf 89' lang='lat' dir='ltr'><strong>ipsum</strong></span> <span class='ocrx_word' id='word_1_286' title='bbox 586 3598 676 3660; x_wconf 88' lang='lat' dir='ltr'><strong>etiam</strong></span> <span class='ocrx_word' id='word_1_287' title='bbox 705 3597 735 3671; x_wconf 86' lang='lat' dir='ltr'><strong>in</strong></span> <span class='ocrx_word' id='word_1_288' title='bbox 765 3598 877 3674; x_wconf 78' lang='lat' dir='ltr'><strong>ceteris</strong></span> <span class='ocrx_word' id='word_1_289' title='bbox 912 3596 1069 3675; x_wconf 87' lang='lat' dir='ltr'><strong>operibus,</strong></span> <span class='ocrx_word' id='word_1_290' title='bbox 1100 3597 1132 3660; x_wconf 89' lang='lat' dir='ltr'><strong>in</strong></span> 
     </span>
     <span class='ocr_line' id='line_1_38' title="bbox 126 3679 1132 3764; baseline -0.001 -18"><span class='ocrx_word' id='word_1_291' title='bbox 126 3682 236 3764; x_wconf 87' lang='lat' dir='ltr'><strong>quibus</strong></span> <span class='ocrx_word' id='word_1_292' title='bbox 259 3681 363 3744; x_wconf 83' lang='lat' dir='ltr'><strong>eadem</strong></span> <span class='ocrx_word' id='word_1_293' title='bbox 383 3703 434 3746; x_wconf 86' lang='lat' dir='ltr'><strong>rer</strong></span> <span class='ocrx_word' id='word_1_294' title='bbox 456 3683 662 3764; x_wconf 83' lang='lat' dir='ltr'><strong>disceptatur,</strong></span> <span class='ocrx_word' id='word_1_295' title='bbox 685 3681 824 3745; x_wconf 88' lang='lat' dir='ltr'><strong>similiter</strong></span> <span class='ocrx_word' id='word_1_296' title='bbox 845 3679 914 3742; x_wconf 80' lang='lat' dir='ltr'><strong>lieri</strong></span> <span class='ocrx_word' id='word_1_297' title='bbox 933 3682 1132 3745; x_wconf 85' lang='lat' dir='ltr'><strong>meminimus.</strong></span> 
     </span>
    </p>
   </div>
   <div class='ocr_carea' id='block_1_15' title="bbox 111 3814 1228 4159">
    <p class='ocr_par' dir='ltr' id='par_1_15' title="bbox 111 3809 1228 4159">
     <span class='ocr_line' id='line_1_39' title="bbox 111 3814 1197 3905; baseline 0 -26"><span class='ocrx_word' id='word_1_298' title='bbox 111 3814 117 3823; x_wconf 76' lang='lat'><strong><em>‘</em></strong></span> <span class='ocrx_word' id='word_1_299' title='bbox 210 3818 271 3881; x_wconf 78' lang='lat' dir='ltr'><strong>Est</strong></span> <span class='ocrx_word' id='word_1_300' title='bbox 289 3814 438 3905; x_wconf 51' lang='lat' dir='ltr'><strong>vermina</strong></span> <span class='ocrx_word' id='word_1_301' title='bbox 453 3819 540 3879; x_wconf 77' lang='lat' dir='ltr'><strong>liber·</strong></span> <span class='ocrx_word' id='word_1_302' title='bbox 553 3819 583 3878; x_wconf 89' lang='lat' dir='ltr'><strong>iu</strong></span> <span class='ocrx_word' id='word_1_303' title='bbox 603 3835 729 3879; x_wconf 88' lang='lat' dir='ltr'><strong>numero</strong></span> <span class='ocrx_word' id='word_1_304' title='bbox 751 3833 857 3878; x_wconf 88' lang='lat' dir='ltr'><strong>eorum</strong></span> <span class='ocrx_word' id='word_1_305' title='bbox 878 3833 1059 3892; x_wconf 82' lang='lat' dir='ltr'><strong>sermonum,</strong></span> <span class='ocrx_word' id='word_1_306' title='bbox 1081 3817 1133 3895; x_wconf 85' lang='lat' dir='ltr'><strong>qui</strong></span> <span class='ocrx_word' id='word_1_307' title='bbox 1175 3830 1197 3879; x_wconf 87' lang='grc'><strong>’.</strong></span> 
     </span>
     <span class='ocr_line' id='line_1_40' title="bbox 124 3896 1228 3986; baseline -0.005 -18"><span class='ocrx_word' id='word_1_308' title='bbox 124 3905 274 3986; x_wconf 81' lang='lat' dir='ltr'><strong>insignem</strong></span> <span class='ocrx_word' id='word_1_309' title='bbox 300 3896 414 3967; x_wconf 74' lang='lat' dir='ltr'><strong>nmtir</strong></span> <span class='ocrx_word' id='word_1_310' title='bbox 434 3906 514 3981; x_wconf 86' lang='lat' dir='ltr'><strong>&#39;artis</strong></span> <span class='ocrx_word' id='word_1_311' title='bbox 543 3903 772 3983; x_wconf 85' lang='lat' dir='ltr'><strong>perfectionem.</strong></span> <span class='ocrx_word' id='word_1_312' title='bbox 821 3898 898 3962; x_wconf 88' lang='lat' dir='ltr'><strong>Nam</strong></span> <span class='ocrx_word' id='word_1_313' title='bbox 926 3906 1009 3963; x_wconf 88' lang='lat' dir='ltr'><strong>tanta</strong></span> <span class='ocrx_word' id='word_1_314' title='bbox 1034 3902 1067 3963; x_wconf 91' lang='lat' dir='ltr'><strong>in</strong></span> <span class='ocrx_word' id='word_1_315' title='bbox 1085 3920 1132 3972; x_wconf 85' lang='lat' dir='ltr'><strong>eo</strong></span> <span class='ocrx_word' id='word_1_316' title='bbox 1225 3902 1228 3909; x_wconf 82' lang='grc'><strong>“</strong></span> 
     </span>
     <span class='ocr_line' id='line_1_41' title="bbox 123 3970 1131 4071; baseline -0.006 -17"><span class='ocrx_word' id='word_1_317' title='bbox 123 3996 233 4071; x_wconf 88' lang='lat' dir='ltr'><strong>regnat</strong></span> <span class='ocrx_word' id='word_1_318' title='bbox 256 3970 400 4050; x_wconf 74' lang='lat' dir='ltr'><strong>oratiduis</strong></span> <span class='ocrx_word' id='word_1_319' title='bbox 422 3989 569 4067; x_wconf 86' lang='lat' dir='ltr'><strong>elegantia</strong></span> <span class='ocrx_word' id='word_1_320' title='bbox 591 3995 623 4050; x_wconf 88' lang='lat' dir='ltr'><strong>et</strong></span> <span class='ocrx_word' id='word_1_321' title='bbox 644 3993 797 4061; x_wconf 86' lang='lat' dir='ltr'><strong>venustas,</strong></span> <span class='ocrx_word' id='word_1_322' title='bbox 818 3987 988 4066; x_wconf 83' lang='lat' dir='ltr'><strong>argumenti</strong></span> <span class='ocrx_word' id='word_1_323' title='bbox 1003 3988 1131 4048; x_wconf 84' lang='lat' dir='ltr'><strong>varietas</strong></span> 
     </span>
     <span class='ocr_line' id='line_1_42' title="bbox 124 4072 1131 4159; baseline -0.005 -19"><span class='ocrx_word' id='word_1_324' title='bbox 124 4083 219 4157; x_wconf 86' lang='lat' dir='ltr'><strong>atque</strong></span> <span class='ocrx_word' id='word_1_325' title='bbox 229 4072 370 4153; x_wconf 84' lang='lat' dir='ltr'><strong>iaoilitas,</strong></span> <span class='ocrx_word' id='word_1_326' title='bbox 381 4074 499 4141; x_wconf 83' lang='lat' dir='ltr'><strong>ioesudi</strong></span> <span class='ocrx_word' id='word_1_327' title='bbox 507 4074 685 4158; x_wconf 83' lang='lat' dir='ltr'><strong>ridendique</strong></span> <span class='ocrx_word' id='word_1_328' title='bbox 699 4077 730 4139; x_wconf 86' lang='lat' dir='ltr'><strong>iu</strong></span> <span class='ocrx_word' id='word_1_329' title='bbox 742 4091 858 4138; x_wconf 83' lang='lat' dir='ltr'><strong>summa</strong></span> <span class='ocrx_word' id='word_1_330' title='bbox 869 4090 976 4137; x_wconf 87' lang='lat' dir='ltr'><strong>rerum</strong></span> <span class='ocrx_word' id='word_1_331' title='bbox 985 4073 1131 4159; x_wconf 68' lang='lat' dir='ltr'><strong>grauitate</strong></span> 
     </span>
    </p>
   </div>
   <div class='ocr_carea' id='block_1_16' title="bbox 0 0 1280 4598">
    <p class='ocr_par' dir='ltr' id='par_1_16' title="bbox 0 0 1280 4598">
     <span class='ocr_line' id='line_1_43' title="bbox 0 0 1280 4598; baseline 0 1"><span class='ocrx_word' id='word_1_332' title='bbox 0 0 1280 4598; x_wconf 95' lang='lat' dir='ltr'><strong> </strong></span> 
     </span>
    </p>
   </div>
  </div>
 </body>
</html>
