2550 4598
446 214 821 320 surnouubunuu.
1095 240 1140 306 so

124 421 195 491 tnr3
217 411 274 476 sed
295 411 402 474 erdem
422 414 522 472 tcmcn
543 419 602 490 pr'o
624 399 712 471 bouis
733 401 900 484 habentor,
926 406 955 471 si
981 408 1013 472 iu
1034 414 1139 491 poste-

125 520 200 567 rom¹
225 517 384 579 speremus
412 515 467 576 per
492 497 545 557 ille
570 495 715 556 effectum
742 495 782 555 iri
808 494 952 556 maiorem
974 497 1140 576 voluptatis

125 605 163 648 sc
185 585 382 646 iucunditatis
404 601 537 644 sensum.
579 580 781 659 Quaecunque
794 579 887 660 igitur
902 581 979 641 bona
994 588 1048 643 aut
1061 586 1140 644 maie

125 678 309 745 censentur,
339 687 376 728 ee
401 668 502 727 metiri
530 665 664 727 solemus
695 668 962 745 colummannus
992 667 1139 744 dolorum,

126 758 308 838 quibuscum
322 753 478 814 coniuncto
490 756 572 826 suut,
592 750 798 831 mugnitndine
810 750 859 811 uei
878 753 1035 830 parvitate,
1047 754 1140 815 edec-

127 861 191 921 que
216 842 313 920 ipsum
339 838 543 917 voluptutem,
580 837 608 897 si
634 839 779 899 maiorem
809 835 911 916 aufert
937 856 1024 916 quom
1051 839 1142 900 offert

127 925 361 998 iocunditatem,
389 923 499 984 mnium
525 922 721 997 arbitramur,
754 928 845 998 utque
871 930 976 982 comm
1003 923 1141 987 dotorem

128 1013 250 1086 bouum,
270 1011 297 1071 si
317 1001 503 1088 voluptatem
525 1009 690 1087 scesbitote
710 1026 764 1068 sua
783 1008 878 1067 hebet
895 1009 1050 1073 notorem.
1093 1009 1142 1071 bx

127 1116 190 1175 quo
212 1095 408 1173 consequitur
428 1110 534 1154 omnes
557 1094 678 1154 omnino
708 1092 903 1170 voluptutem
921 1096 1064 1173 tn‘uqusm
1086 1096 1143 1155 bo-

126 1201 200 1243 num
229 1185 379 1261 perpetuo
408 1179 597 1254 consectari,
626 1176 764 1240 dolorem
792 1183 826 1237 ut
856 1176 981 1239 melum.
999 1181 1141 1241 euersuri.

128 1267 165 1328 P.
184 1264 258 1328 ten
280 1261 318 1327 Α.
339 1298 380 1312 -
401 1263 477 1325 354.
497 1262 534 1326 Ε.
551 1288 595 1309 -
634 1261 719 1333 Haeo
741 1267 840 1323 sutem
863 1252 890 1324 si
909 1271 1077 1339 remeunt,
1098 1266 1142 1326 ri·

129 1353 262 1414 dicuium
285 1351 334 1411 est
354 1340 457 1410 dicere
477 1341 642 1422 hominem,
661 1349 737 1408 licet
756 1348 834 1407 mais
854 1362 947 1430 saepe
966 1355 1142 1429 cognoscet,
1172 1346 1178 1360 '
1208 1348 1224 1363 '

128 1443 232 1498 tomen
260 1449 297 1495 ee
323 1435 445 1507 fucere,
474 1450 565 1510 quum
591 1449 652 1491 non
681 1431 785 1492 facere
813 1431 920 1506 licent,
949 1440 982 1494 et
1001 1435 1142 1508 uicissim,

128 1522 205 1584 licet
233 1525 398 1599 cognoscat
417 1519 513 1590 bono,
540 1523 641 1579 tumen
670 1531 706 1576 es
733 1516 880 1596 ampiecti
903 1518 986 1578 nolle
1016 1524 1144 1600 propter

130 1608 338 1687 praesentium
357 1603 543 1682 voluptatum
556 1604 615 1662 vim
629 1607 661 1662 et
675 1603 920 1680 magnitudinem.
962 1601 1039 1664 Nem
1052 1623 1154 1683 quum.

130 1692 318 1768 voluptas
334 1704 408 1770 per
428 1709 467 1749 sc
487 1689 566 1748 bone
587 1689 644 1762 sitq
664 1689 702 1761 is,
724 1689 776 1765 qni
796 1687 884 1762 muln,
905 1690 1144 1766 quatenusmole

131 1782 220 1851 sunt,
250 1794 304 1842 suo
332 1779 442 1850 sponte
469 1771 578 1847 faciit,
606 1773 694 1832 bonis
721 1774 921 1833 succumbens
942 1775 1020 1835 mele
1040 1774 1145 1837 fucere

130 1862 270 1922 videntur
290 1873 417 1921 necesse
437 1858 507 1935 erit,
528 1858 561 1920 id
582 1857 662 1936 quod
682 1865 804 1934 penest
824 1858 995 1920 absurdum.
1038 1859 1145 1938 ltaque

130 1947 213 2026 quod
241 1945 331 2026 vulgo
358 1949 468 2004 vocant
496 1942 753 2003 succumbere
782 1943 1073 2022 voluptatibus,
1094 1945 1145 2007 rel

132 2033 176 2093 ab
205 2031 291 2092 iilis
321 2030 446 2104 vinci,
473 2031 505 2090 id
528 2028 607 2089 vniiril
628 2022 678 2089 es't
697 2027 795 2103 oiind,
824 2029 883 2089 nisi
903 2048 960 2110 pro
980 2031 1144 2093 maioribus

131 2118 219 2182 bonis
240 2116 353 2176 maiore
373 2115 451 2175 muln
471 2130 602 2188 sumere,
624 2119 657 2174 et
678 2113 799 2192 quidem
820 2114 982 2191 deceptum
995 2117 1146 2195 opinionis
1192 2131 1195 2138 ’

133 2221 248 2263 errore.
299 2201 417 2279 Quippe
443 2200 475 2261 in
502 2197 652 2277 eligendis
680 2198 767 2259 bonis
796 2199 958 2274 plurimum
978 2201 1093 2276 refert,
1109 2208 1145 2262 ut

131 2306 236 2349 rerum
260 2287 455 2364 iucundorum
483 2289 516 2344 et
544 2283 770 2344 iniucnndsmm
791 2285 940 2346 ustionem
961 2285 1047 2363 piune
1068 2302 1145 2363 per·

132 2379 269 2451 spectum
289 2372 470 2441 babeamus3
492 2388 551 2448 quc
571 2369 744 2446 cognitione
766 2371 817 2446 qui
837 2375 952 2446 carent,
972 2372 995 2430 ii
1005 2372 1073 2432 fieri
1084 2391 1144 2432 non
1264 2430 1268 2439 ,

134 2466 242 2539 potest
264 2458 335 2535 quin
356 2458 388 2515 in
410 2455 549 2521 frondem
571 2458 604 2512 et
627 2471 762 2511 errorem
789 2455 953 2513 incurrant,
998 2456 1147 2532 Quocircs

133 2543 292 2607 scientim
313 2545 441 2618 sppsrct
460 2537 616 2614 voluptate
638 2553 709 2595 esse
730 2536 826 2596 multo
848 2538 1010 2614 potiorem,
1031 2543 1146 2620 quiippe

133 2645 211 2704 quse
235 2642 338 2685 omnes
360 2623 495 2683 actiones
524 2628 643 2682 nostros
673 2622 904 2700 universumque
923 2621 1014 2693 vitum
1034 2644 1145 2704 regere

134 2731 170 2772 sc
191 2709 341 2770 moderari
361 2708 487 2781 debent,
507 2722 607 2785 neque
627 2705 697 2766 fieri
719 2725 852 2785 unquam
873 2715 994 2788 potest,
1023 2713 1144 2790 niquis
1181 2724 1185 2731 ⁴

133 2815 151 2857 o
172 2795 375 2874 voluptatibus
396 2795 511 2866 rictus,
533 2811 624 2870 quum
645 2791 726 2852 bono
745 2798 926 2871 cognoscat,
946 2799 1048 2857 temen
1069 2816 1146 2859 con-

133 2883 225 2942 traris
253 2879 470 2959 rmpiectatur:
498 2896 597 2956 neque
626 2877 705 2937 enim
726 2879 881 2955 quisquam
907 2879 1007 2943 sciens
1029 2882 1143 2956 malus3

133 2968 191 3028 sed
212 2966 263 3044 qui
284 2965 432 3042 voluptati
445 2963 675 3024 succumbentes
689 2962 765 3022 mols
780 2969 955 3040 sequnntur,
978 2966 1000 3024 ii
1015 2974 1145 3046 propter

133 3050 382 3131 imprudentium,
411 3055 445 3109 ct
466 3048 534 3125 quis
555 3065 660 3121 errore
681 3046 804 3126 decepti
824 3052 910 3122 sunt,
931 3050 1047 3109 minore
1067 3052 1148 3113 bone
1166 3056 1171 3069 ¹

134 3157 192 3217 pro
213 3130 377 3197 maioribus
404 3133 545 3211 ampiecti
570 3134 719 3194 videntur.
761 3132 847 3209 Qnee
867 3133 986 3195 sisere
1008 3135 1147 3216 disputo-

134 3223 247 3295 vimus,
268 3222 313 3280 vir
335 3220 455 3299 sepiens
476 3236 624 3296 nunquam
646 3236 700 3278 suc
720 3224 829 3300 sponte
850 3217 928 3281 mele
948 3229 1075 3303 appetet
1094 3229 1147 3284 sut

136 3305 239 3366 isciet.
281 3303 315 3365 P.
336 3302 410 3366 ΕΜ.
432 3302 472 3365 Ε.
494 3334 535 3347 -·
557 3301 630 3370 est.
652 3302 690 3362 Ε.
746 3371 749 3376 ,

112 3454 116 3463 ,
220 3388 278 3453 His
301 3388 449 3470 expositis
468 3385 611 3448 Socrates
632 3388 798 3449 revertitur
812 3385 849 3448 od
863 3386 949 3463 iilud,
969 3390 1052 3467 qnod
1069 3387 1147 3451 Pro·

136 3480 258 3553 tsgcrss
278 3475 309 3536 in
328 3473 538 3554 superioribus
556 3471 682 3548 dixerat,
703 3469 912 3535 fortitudinem
932 3475 1074 3536 secteris
1086 3476 1147 3536 vir-

136 3560 254 3632 tutibus
277 3567 445 3642 propteres
472 3556 633 3638 plurimum
654 3558 780 3620 differre
800 3558 911 3633 sideri,
933 3560 1015 3637 quod
1035 3579 1147 3643 scepe-

135 3661 263 3711 nnmcro
291 3645 427 3708 bomines
447 3642 705 3722 insipientissimi,
724 3644 1025 3722 intemperantissimi
1046 3652 1080 3706 ct
1099 3647 1148 3708 iu·

135 3729 298 3795 iustissimi
324 3731 399 3793 snos
426 3729 603 3794 eudocisct
620 3728 803 3790 fortitudine
823 3747 878 3789 sus
896 3727 1073 3811 longissime
1094 3749 1148 3792 sn·

136 3814 331 3887 teuiiment.'
358 3815 532 3895 Postquam
553 3814 633 3877 enirn
654 3831 833 3876 conoessum
855 3821 904 3877 ert
923 3817 1073 3878 neminem
1093 3834 1149 3879 uo-

135 3903 251 3965 le'ntem
271 3918 323 3961 res
344 3902 530 3980 periculosus
545 3908 678 3978 'unquam
701 3900 872 3979 suscipere3
892 3919 933 3962 ne
953 3901 1066 3963 fortem
1081 3901 1148 3981 qui·

136 3991 207 4050 dem
228 3988 325 4048 virum
345 3993 462 4049 temere
483 4006 518 4047 se
538 3986 570 4049 in
590 3985 667 4047 meis
685 3992 718 4046 et
746 3985 931 4047 cclsmitstes
951 4006 1021 4051 esse
1044 3988 1148 4051 conic-

137 4080 257 4137 ctururn
281 4078 448 4147 asseveret.
486 4071 563 4134 Nem
584 4089 660 4151 quse
682 4071 749 4149 quis
770 4072 869 4147 timet,
888 4072 997 4152 inquit,
1018 4091 1055 4137 es
1068 4070 1147 4137 meis
