2550 4598
351 223 699 290 BROTAGORAS.
984 220 1029 286 81

109 427 140 499 νς
171 389 281 485 ἦλθον
312 382 507 490 εἱμαρμένος
546 406 713 489 γενέσεως)
750 398 910 470 sonoriora
941 394 1030 469 asieri

126 503 188 588 γῆς
212 505 311 571 ίνδσν
331 509 367 570 ἐκ
390 504 452 590 γῆς
476 506 534 573 καί
557 498 664 592 πυρὸς
693 502 844 592 μίξαντες
875 503 932 573 καί
962 503 1029 571 τῶν

109 742 120 783 s
136 729 272 785 articulum
292 726 308 782 ὅ
329 736 389 784 onte
405 732 513 803 rtpopp.
532 730 703 785 desiderabat.

108 903 284 964 argumentum
291 904 423 952 traantur.
440 896 505 951 Ete·
553 906 627 965 rent,
653 901 699 953 sed
719 907 818 953 temere
834 896 921 953 omnia
936 896 1031 953 misee-

109 969 167 1017 lura
189 973 263 1032 sunt,
285 982 351 1033 quae
371 968 398 1018 in
416 983 447 1020 es
463 970 505 1019 vel
554 976 611 1022 rent
639 977 715 1035 atque
742 969 929 1036 perturbarent.
970 968 1032 1022 Quo

109 1035 170 1086 dare
188 1034 230 1086 'vel
249 1050 301 1087 non
326 1036 423 1102 optime
439 1034 506 1087 inter
554 1039 655 1090 nomine
665 1035 771 1103 Lysiam
782 1039 806 1089 in
818 1030 947 1100 Phaedro,
961 1038 1032 1103 Agn-

109 1118 143 1154 ιο
164 1102 305 1155 videantur.
339 1105 381 1156 Do
403 1119 454 1169 qua
475 1118 505 1156 rs
555 1108 658 1158 tbonenr
678 1113 705 1158 et
713 1104 865 1158 Pausaniam
882 1106 907 1157 in
921 1106 1034 1171 Sympo-

109 1176 160 1223 ecte
185 1169 325 1238 disparavit
348 1173 461 1223 Groen
480 1187 505 1223 v.
553 1176 603 1238 sio,
621 1176 685 1226 alios
703 1176 757 1226 aliis
771 1177 796 1226 in
813 1175 892 1238 libris,
909 1189 961 1226 non
978 1175 1033 1225 sine

109 1244 257 1291 rnterer
294 1236 505 1306 Prosopograph.
554 1243 694 1294 acerbitate
710 1243 867 1308 perstrinxit.
901 1244 942 1294 De
961 1243 1033 1293 Pana

109 1313 215 1372 spira.
241 1304 340 1371 „Nam
358 1309 438 1373 inquit
454 1308 506 1370 ille,
555 1312 643 1363 malso
664 1312 780 1362 oratione
804 1322 829 1361 ν.
856 1309 890 1361 ad
912 1311 1034 1375 Sympos.

109 1380 207 1439 utquam
219 1382 350 1426 narratum
360 1374 508 1426 essetPro·
555 1395 581 1445 p.
602 1385 661 1442 ab,
677 1379 722 1429 ubi
739 1393 804 1442 quae
821 1376 890 1429 dicta
907 1384 979 1439 sunt,
1001 1394 1034 1429 ea

111 1457 156 1494 um
186 1440 235 1505 τὴν
267 1444 381 1507 ἔντεχνον
412 1443 509 1508 σοφίαν
555 1462 674 1511 magnam
696 1449 797 1512 partem
817 1444 895 1496 etiam
916 1443 948 1496 de
964 1440 1034 1497 Pro·

109 1509 171 1578 aopi
205 1509 348 1562 bominibus
385 1510 507 1574 donasse,
555 1521 663 1580 lagonae
687 1515 803 1564 oratione
828 1515 914 1564 volero
935 1512 1036 1563 iudiea-

117 1584 299 1643 sequerentur=
331 1577 417 1642 ἐπειδὴ
443 1575 506 1630 did
556 1598 623 1635 mua.
658 1582 780 1632 Ceterum
798 1576 878 1632 Prota
897 1591 960 1632 orae
976 1596 1035 1646 my-

109 1663 167 1705 mvr
188 1649 269 1700 θείας
284 1648 388 1712 μετέσχε
404 1648 506 1714 μοίρας,
556 1651 629 1702 thum
646 1650 759 1703 referunt
771 1649 849 1702 etiam
900 1649 1035 1700 imerius

109 1733 130 1764 ιν
156 1715 202 1781 μὶν
228 1713 271 1766 διὰ
300 1714 349 1779 τὴν
370 1736 395 1766 τ.
420 1719 452 1768 θ.
477 1719 506 1766 ei
556 1721 627 1771 Orat.
650 1718 721 1770 XXI.
747 1719 771 1781 §.
800 1722 842 1767 1⁰.
868 1733 893 1784 p.
916 1722 974 1768 m.
990 1716 1034 1770 ed.

109 1800 135 1849 p.
155 1789 214 1836 322.
230 1787 262 1835 A.
287 1781 361 1849 plura
378 1785 505 1849 leguntur,
554 1785 712 1839 Werusdori.
729 1785 843 1838 Iulian.
859 1786 932 1837 Orat.
945 1782 990 1838 vt.
1009 1802 1037 1852 p.

110 1851 214 1902 tandem
244 1850 337 1917 aliquid
364 1852 507 1916 requireret
557 1859 615 1907 195.
640 1854 681 1906 ed.
708 1853 847 1920 Spanbem.
874 1852 1036 1906 Themist.

109 1934 146 1970 lon
171 1915 257 1971 omnia
279 1936 295 1971 o
314 1920 376 1972 time
392 1921 460 1972 inter
476 1935 507 1972 se
556 1926 629 1977 Orat.
650 1918 757 1975 XXVII.
781 1937 807 1990 p.
826 1925 885 1974 888.
904 1927 932 1974 et
950 1923 1035 1973 celato

109 1992 213 2106 pataret
231 1932 312 2041 esaei
343 1988 418 2041 Nunc
442 2002 507 2041 vero
555 1992 668 2046 auctoris
693 1991 798 2044 nornine
814 2006 863 2043 nec
878 1989 934 2041 sins
950 1996 1037 2042 muta.

119 2056 206 2107 initura
235 2056 283 2121 τὴν
307 2059 352 2125 μίν
376 2048 425 2121 σίν
446 2055 508 2124 napi
555 2062 628 2113 tione
649 2060 758 2125 Etym.
783 2054 821 2111 Μ.
839 2072 862 2114 s.
879 2056 1036 2125 alpinos.

109 2124 147 2174 ίσν
163 2124 257 2190 σοφίαν
266 2123 407 2193 ἅνθρωπος
423 2123 507 2192 ταύτῃ
555 2129 672 2196 Hygia.
688 2122 752 2179 Far.
773 2130 832 2179 142.

119 2191 166 2256 τὴν
186 2193 212 2245 tl
239 2192 375 2258 πολιτικὴν
397 2191 445 2244 osis
469 2192 508 2244 εί·
591 2198 655 2264 Cap.
675 2194 722 2248 xl.
760 2187 866 2261 θνητοί
891 2189 925 2246 tl
944 2188 1037 2262 γένη]

112 2253 145 2324 ἦν
166 2260 216 2329 γὰρ
238 2258 308 2331 παρὰ
331 2268 367 2331 τῷ
390 2259 451 2326 Διί,
479 2255 508 2312 id
555 2262 593 2322 Η.
612 2281 636 2318 e.
660 2263 823 2317 animalia.
856 2260 926 2315 (inve
941 2256 1039 2327 lisso*

115 2331 224 2395 primum
252 2330 301 2382 boc
317 2332 376 2383 loco
394 2336 435 2381 est
451 2330 508 2381 iae-
556 2336 588 2387 lis
607 2333 748 2384 bominibus
765 2331 926 2397 cogitaveris.

126 2397 218 2450 deiude
236 2401 287 2449 alio
306 2413 369 2459 mox
381 2400 441 2449 loco
461 2410 509 2447 ex·
591 2398 623 2451 D.
658 2400 716 2468 γῆς
738 2398 828 2450 ἰνίον
850 2401 883 2448 is
905 2403 963 2465 γῆς
984 2393 1041 2448 καὶ

109 2480 145 2517 trs
173 2462 309 2529 πολιτικὴν
333 2464 383 2532 μὰρ
417 2466 510 2529 τίχννμ
558 2465 664 2535 πυρὸς
683 2470 728 2531 po]
756 2464 835 2520 Quod
857 2463 976 2517 animalia
999 2464 1041 2516 ‹tl-

115 2528 195 2597 ιεἶχον
212 2558 246 2571 -
263 2527 333 2593 Ζεὺς
354 2519 405 2582 osis
425 2531 511 2589 δείσας
558 2541 651 2587 cuntur
667 2536 784 2585 tellurem
801 2532 869 2584 intus
886 2548 903 2585 a
919 2526 969 2585 dli·
984 2532 1040 2585 ior·

126 2601 148 2651 λ.
170 2618 196 2667 p.
214 2603 273 2653 822.
288 2600 321 2651 Β.
357 2600 425 2651 Tum
442 2613 510 2667 quse
558 2609 629 2656 mata
646 2612 714 2666 esse,
732 2599 927 2655 accommodato
942 2594 992 2653 boe
1006 2596 1040 2653 nd

109 2673 130 2722 l.
149 2668 178 2720 C.
204 2669 238 2721 de
259 2666 311 2736 igni
332 2675 421 2735 erepto
440 2666 533 2743 τοῖο,
558 2677 677 2724 veterum
710 2671 864 2737 populorum
893 2666 1039 2737 opinionem

109 2748 135 2855 n
153 2736 285 2857 ονο
299 2735 510 2873 {talant}
896 2737 1040 2873 νον

109 2873 182 2941 lepis
192 2870 392 2941 τῆνιίκρίπσλιν
402 2900 432 2911 -
446 2874 510 2924 sio·
527 2879 534 2894 ⁹
559 2893 626 2942 quse
651 2875 770 2927 animalia
790 2882 817 2928 et
834 2874 950 2927 homines
968 2890 985 2927 o
1001 2872 1043 2925 fe·

109 2941 159 3007 ίίκη
183 2944 332 3009 μετῆλθεν,
361 2938 448 3008 paullo
468 2940 536 2992 fua·
560 2944 643 2997 cundo
682 2944 781 3010 gremio
819 2957 868 2993 suo
904 2937 1043 2994 emisisset.

109 3011 213 3076 repetita
241 3012 315 3075 sunt,
346 3010 432 3063 etita
454 3010 510 3075 qui·
546 3013 640 3074 ,Quod
659 3018 747 3063 autem
766 3006 857 3063 eadern
875 3014 997 3062 exterra
1015 3013 1043 3062 et

129 3084 159 3128 ut
182 3080 269 3145 potius
297 3077 451 3145 glossatoris
467 3093 511 3131 so·
561 3077 837 3147 lgnenctadicuatm
855 3077 966 3131 sonasse
986 3075 1044 3145 pbi-

111 3151 165 3197 tem
192 3148 289 3201 reterre
310 3162 387 3213 quam
406 3148 512 3211 elegan-
539 3146 685 3213 ·losopbus
701 3146 865 3199 Parmenidis
884 3146 988 3198 deoreta
1008 3144 1044 3196 ob

136 3212 299 3279 Protagorae
344 3215 484 3266 videantur.
492 3212 512 3242 ‘⁶
562 3220 652 3269 oculos
667 3213 764 3279 babuit,
781 3228 858 3280 quem
875 3220 976 3267 eoasnt
990 3218 1044 3263 ter-

109 3276 163 3346 pnid
186 3280 261 3334 buius
288 3283 328 3335 rei
353 3288 409 3347 est,
440 3287 512 3333 certe
538 3292 620 3336 ‘ram
647 3288 675 3335 et
701 3280 789 3349 ignem
816 3295 904 3335 rerum
929 3281 1044 3333 omnium

109 3365 152 3401 mo
174 3349 207 3421 ds
228 3353 379 3418 glossatoris
412 3350 514 3402 addita·
540 3356 693 3413 ,elementa
721 3346 858 3405 iudicasse.
890 3362 916 3403 ν.
942 3344 1045 3400 Bran*

109 3433 125 3467 s
142 3427 192 3469 non
203 3416 368 3487 cogitandum
380 3435 448 3482 esse,
466 3416 515 3470 sod
563 3421 623 3473 des
640 3420 869 3481 commentatt.
884 3414 1006 3469 Eleatt.
1025 3416 1046 3467 1.

109 3526 111 3534 .
134 3489 259 3539 sententia
282 3504 356 3553 snm,
377 3494 407 3541 ut
423 3488 515 3540 Plato·
544 3491 590 3557 ’μ
610 3494 658 3540 lbt
677 3505 731 3554 sqq.
765 3483 867 3539 Exinde
887 3486 967 3537 etiam
985 3495 1046 3550 pro-

110 3559 199 3618 putem
212 3555 244 3606 de
257 3554 378 3608 industria
392 3572 451 3607 rum
459 3572 515 3607 ma·
544 3560 648 3623 .xima‚
671 3556 716 3608 sol
736 3556 788 3606 τῶν
809 3553 860 3605 ὅσα
875 3576 910 3592 ·—
927 3552 1049 3624 sepriens-

109 3638 124 3672 ο
142 3621 186 3673 illo
205 3620 340 3676 verborum
358 3631 450 3676 omatu
468 3640 515 3675 oo*
565 3646 619 3691 ται,
638 3641 711 3677 snam
724 3622 952 3688 lucemnccipinnt
980 3616 1048 3673 Nam

109 3690 160 3741 isse
193 3704 339 3756 perversam
368 3694 444 3744 istam
476 3696 544 3743 at-·
584 3700 669 3746 taeter
694 3693 745 3743 dno
762 3691 804 3742 illa
820 3704 907 3742 rerum
928 3686 1049 3756 principis

109 3757 187 3809 »rdine
205 3758 354 3812 destitutam
371 3759 517 3825 argumenti
566 3712 736 3815 i'arnoenidea
752 3760 826 3810 simul
843 3756 928 3825 posuit
944 3758 1050 3808 tertium

109 3827 168 3879 audi
192 3826 326 3879 radonem.
366 3826 437 3883 Nam
454 3824 545 3879 illud·
568 3830 669 3896 aliquod
695 3845 727 3880 ex
750 3833 859 3893 utroque
886 3826 1002 3879 mixtum.
1025 3840 1050 3879 ν..

109 3901 136 3947 at
159 3895 193 3947 ab
216 3910 249 3947 so
268 3895 369 3961 saepius
395 3912 518 3949 esseae·
568 3894 793 3951 Braudesl.o
811 3912 836 3961 p.
852 3898 909 3945 18⁵.
942 3894 1051 3944 Deusu

109 3970 166 4015 nter
198 3967 226 4014 et
263 3962 357 4016 acerbe
391 3971 540 4029 notatum·
569 3965 669 4018 articuli
685 3967 744 4015 loeo
764 3962 922 4030 pronominis
943 3961 1052 4012 demon-

122 4030 254 4098 sopbistas
280 4037 308 4083 et
328 4038 444 4083 oratores
462 4034 519 4084 nul·
570 4033 673 4083 strativi
693 4036 753 4083 ante
775 4032 884 4083 relativa
908 4045 934 4080 v·
951 4024 1052 4079 Plrileb.

109 4102 135 4153 in
157 4101 267 4152 dicendo
292 4100 407 4152 ordinem
431 4116 538 4158 servu.
571 4116 597 4169 p.
618 4105 660 4152 dl.
684 4100 716 4154 B.
738 4098 769 4154 G.
792 4099 826 4156 do
848 4096 960 4165 nepum.
977 4094 1009 4150 V·
1027 4106 1053 4161 p·

110 4210 144 4255 as.
164 4204 231 4270 Opp.
251 4201 308 4255 Vol·
325 4202 359 4254 11.
376 4200 448 4255 Soet·
466 4201 500 4255 11.
802 4202 830 4264 d
