2550 4598
121 250 166 315 ³6
487 244 775 311 PRAEFATIO

127 424 178 483 tur
197 420 276 485 vion
298 415 346 481 ἔτι
366 409 539 503 μειράκιον
554 414 606 503 *);
628 416 709 498 qnod
730 416 864 478 Pericles
885 420 1026 496 tauquam
1039 414 1140 477 adhuc

20 577 23 581 ,
126 508 212 569 uivus
234 524 383 593 commem
419 508 503 583 ntur,
530 504 655 583 eiusque
675 504 748 579 lilii,
782 521 857 582 quos
886 504 1021 564 novimus
1043 502 1140 583 pesti-

126 593 222 654 lentia
247 522 448 755 111ῑὶοὲ
466 588 715 670 Peloponnesiaci
748 595 854 650 exorta
880 587 1001 669 lllynrp.
1027 586 1081 648 Sl.
1108 588 1140 649 ⁸.
1168 652 1172 663 ,

129 678 259 751 obiisse,
281 674 342 736 coll
440 672 631 736 'interfuisse
653 676 793 735 dicuntur
807 671 875 753 **);
906 674 1038 753 denique
1060 672 1142 751 quod

129 763 313 841 Protagoras
335 760 658 827 tes'tc'‚Plutarcluo
681 759 802 821 Consul.
826 758 865 820 ad
885 760 1025 839 Apellen.
1048 756 1143 821 MS.

131 869 160 929 p.
190 849 260 906 118.
290 846 326 906 E.
355 846 472 928 Olymp.
502 844 554 904 87.
581 847 611 906 3.
637 846 766 907 Athenis
798 848 935 905 screatus
967 851 1031 909 csta
1065 842 1143 903 haec

132 934 231 995 omnia
251 950 421 992 sermonem
442 938 527 991 recte
550 930 588 989 ad
610 931 793 1011 Olympssi.
808 931 887 991 and
918 929 1030 989 reterri
1051 946 1143 1009 posse

132 1020 247 1099 docere
266 1019 430 1079 videantur.
474 1018 515 1076 At
542 1017 621 1076 enim
649 1037 722 1076 vero
744 1016 830 1094 plura
852 1021 935 1089 sunl,
968 1032 1047 1093 quae
1071 1014 1144 1075 h'ulc

133 1103 303 1165 sentcntiae
324 1104 450 1163 mirifice
472 1102 676 1163 adversantur.
718 1100 812 1161 liude-
834 1101 1027 1173 Athenaeus,
1057 1116 1143 1159 acer-

134 1191 230 1249 rimus
252 1187 450 1249 illePlatouis
472 1204 581 1247 censor
602 1194 692 1264 atque
707 1188 906 1258 obtrectator,
930 1184 1145 1264 philosophum

134 1273 350 1353 chronologiae
378 1274 408 1335 in
436 1273 494 1332 hoc
524 1271 643 1351 dialogo
673 1281 790 1333 temere
817 1272 975 1350 neglectae
1001 1264 1063 1331 non
1084 1286 1145 1331 uno

136 1360 206 1419 loco
221 1350 387 1433 ,amusan-tt.
428 1356 534 1435 Neque
558 1357 699 1438 proiecto
721 1359 818 1417 adhuc
840 1363 984 1437 repertus
1014 1360 1066 1416 est
1092 1354 1145 1433 qni

137 1450 309 1525 temporum
337 1445 470 1503 rationes
500 1452 641 1503 accurate
667 1446 842 1503 obsonator
863 1461 932 1502 csse
954 1442 1145 1501 demonstra-

136 1537 205 1605 ret,
232 1535 267 1588 ut
293 1529 457 1605 uerisimile
487 1538 627 1606 putemus
656 1529 871 1608 philosophum
901 1528 959 1587 hac
979 1528 1009 1587 iu
1030 1546 1068 1587 re
1088 1526 1146 1585 llu-

137 1614 228 1694 gendi
261 1614 396 1674 llhertati
426 1613 536 1691 aliquid
563 1614 702 1686 dedisse,
736 1613 984 1693 quemadmodum
1019 1613 1051 1671 in
1079 1611 1147 1671 aliis

139 1716 259 1778 quoqne
279 1698 364 1758 libris
388 1697 471 1758 lecit.
514 1698 576 1757 Sed
597 1699 751 1759 videamus
772 1698 897 1777 singula.
941 1698 1075 1758 Primum
1089 1696 1146 1775 igl-

138 1790 191 1845 lur
214 1782 394 1862 Protagoras
415 1781 499 1864 apud
513 1782 653 1859 Galliam,
682 1784 846 1864 llipponici
866 1783 979 1858 filium,
1007 1783 1061 1861 qul
1087 1779 1147 1849 is'm

113 1894 115 1899 ·
141 1874 337 1949 paternorum
367 1870 514 1928 honorum
540 1867 679 1929 domiuus
708 1869 807 1929 factus
841 1876 946 1945 esset,
978 1866 1148 1928 devertisse

140 1954 252 2015 dicitur
270 1949 349 2034 ***).
391 1952 452 2014 lam
478 1970 551 2013 nero
576 1954 779 2034 Hipponicum
807 1961 928 2015 constat
956 1952 1077 2033 olymp.
1096 1952 1149 2011 ec.

142 2040 161 2097 l
195 2038 227 2098 iu
248 2038 364 2117 proelio
393 2039 429 2098 ad
449 2037 569 2109 Delium
595 2038 789 2100 interfectum
812 2059 891 2102 esse.
932 2038 979 2099 llln
1007 2056 1068 2116 quo
1094 2056 1149 2116 ap-

142 2130 230 2204 paret
252 2141 289 2184 eo
311 2124 379 2184 loco
402 2125 583 2202 colloquium
612 2133 683 2205 post
710 2126 786 2186 illud
808 2127 929 2186 demum
949 2130 1073 2203 tempus
1093 2123 1149 2183 lu-

141 2211 238 2270 bitum
259 2210 403 2287 cogituri:
431 2210 510 2287 quod
538 2218 688 2289 repugnat
715 2212 932 2291 surperioribus.
975 2208 1037 2269 Sed
1059 2226 1150 2289 prae-

135 2300 227 2439 ·aeca
267 2297 359 2355 etiam
390 2293 448 2355 elie
481 2301 567 2368 sumt,
602 2314 680 2375 quae
712 2315 803 2375 quum
837 2302 908 2374 post
943 2295 1065 2375 Olymp.
1097 2292 1150 2353 Si.

1 2383 2 2388 ’
49 2454 53 2459 ¹
97 2429 102 2437 .
150 2370 307 2453 *enerich
328 2385 389 2441 tam
414 2376 479 2439 '‘in
501 2380 560 2438 hoc
575 2398 717 2441 sermone
734 2387 1019 2443 commemorantur.
1061 2378 1151 2452 Nam,

141 2472 176 2525 ut
198 2466 332 2525 omiltam
356 2465 397 2525 du
462 2466 558 2527 tiosaes
581 2466 621 2527 de
639 2472 790 2546 tempore,
812 2483 872 2544 quo
889 2465 1070 2544 Protagoras
1090 2466 1151 2529 ite-¹

142 2569 210 2609 rum
231 2546 314 2631 ****)
337 2550 466 2611 Athenis
487 2557 688 2612 commoratus
710 2553 765 2627 sit,
787 2571 860 2630 quas
882 2570 1039 2611 removere
1061 2570 1152 2614 coun-

71 2698 76 2723 ι
143 2639 195 2694 tus
224 2641 273 2694 eat
300 2633 545 2696 Gontarcuur
562 2635 660 2697 -Varn
681 2636 783 2700 hecti.
805 2655 832 2697 c.
854 2636 952 2710 Xlll,
980 2636 1151 2697 Pherecra-

142 2719 186 2783 ἡ
202 2710 328 2798 ’Ἄγριοι
350 2717 509 2797 dicitur†)
527 2738 608 2780 anno
629 2723 788 2801 superiore
808 2716 957 2805 (πέρυσι)
978 2723 1008 2781 in
1030 2740 1153 2783 sceuanr

143 2801 292 2882 producta
313 2820 402 2877 esse,
431 2821 518 2882 quam
541 2813 636 2865 actam
657 2812 790 2867 testatur
808 2808 983 2868 Athenaeus
1008 2814 1154 2886 praetore

143 2888 299 2950 Aristinue
319 2885 438 2968 Olymp.
458 2889 512 2949 81).
534 2888 564 2949 4.
608 2891 694 2967 Quod
723 2894 749 2952 si
770 2910 873 2953 verum
896 2901 960 2968 est,
988 2895 1154 2971 consequi·

142 2980 204 3047 tur,
226 2981 260 3034 ut
282 2972 462 3053 colloquium
484 2973 544 3035 hec
565 2994 671 3038 rursus
692 2978 729 3037 ad
750 2976 871 3059 Olymp.
886 2979 939 3039 llll.
961 2981 989 3037 l.
1012 2977 1153 3039 releren-

143 3060 215 3120 dum
236 3061 287 3120 sit.
331 3059 447 3122 Verum
468 3062 548 3121 carim
568 3079 641 3122 vero
661 3064 739 3124 haec
759 3064 856 3123 omuia
874 3065 1061 3142 quantumvis
1083 3084 1155 3125 cum

143 3145 182 3205 iis
210 3149 363 3225 pugnent,
392 3164 469 3225 quae
496 3152 587 3213 sulen
614 3150 930 3225 commemoravimue3
962 3156 1064 3211 tamen
1092 3148 1154 3221 hoe

147 3336 344 3365 -,······“··“-·,-·ν

211 3478 410 3543 numu

202 3560 237 3625 ⁸⁸)
256 3562 286 3612 V.
306 3579 330 3628 p.
350 3566 409 3612 elo.
429 3562 460 3613 E.
479 3580 504 3630 p.
524 3569 582 3615 329.
602 3566 633 3616 A.
651 3583 676 3632 p.
696 3572 756 3619 814.
777 3571 801 3622 E
819 3586 875 3639 sqq.

189 3644 235 3709 Ψ)
255 3645 285 3695 Ρ.
303 3650 364 3698 311.
383 3648 416 3711 A,
435 3648 478 3699 ubi
496 3665 520 3698 v.
539 3648 715 3703 Heindorf.
733 3657 792 3706 coll.
811 3673 835 3722 p.
858 3659 916 3707 815.
933 3656 966 3709 D.

178 3728 235 3795 ⁸⁸⁸⁸)
254 3729 437 3783 llerhstius
456 3733 481 3783 in
498 3734 660 3787 Peterson
679 3734 845 3803 Philolog.
867 3740 983 3794 histor.
1003 3741 1155 3806 Studien,

168 3867 171 3871 .
245 3797 387 3880 llamblurg.
413 3807 495 3852 1831..
509 3817 534 3866 p.
558 3807 599 3852 9⁰.
624 3805 795 3872 Protagoram
814 3816 903 3860 censet
920 3811 971 3862 iam
989 3811 1092 3878 Olymp.
1113 3819 1156 3864 81.

245 3867 441 3920 Atheniensibus
458 3871 612 3935 innotuissc3
640 3874 706 3925 coul'.
726 3876 806 3927 etiarn
824 3878 1002 3944 Berginium
1020 3879 1156 3946 Reliqq.

245 3935 331 3989 Com.
349 3937 421 3989 Vct.
441 3953 465 4004 p.
486 3942 536 3988 llll
553 3955 591 4004 sq.
608 3940 801 3995 Athenaeus
818 3952 904 3998 autem
931 3946 1073 4000 secundum
1098 3951 1157 4000 eius

242 4003 380 4057 adveutum
397 4006 422 4056 in
443 4008 485 4059 illa
502 4008 566 4061 urbe
583 4008 626 4061 lib.
646 4008 699 4074 Xl,
718 4014 777 4068 111.
796 4013 875 4068 relect
893 4015 926 4069 ad
943 4016 1046 4084 Olymp-
1065 4022 1109 4069 89.
1130 4024 1154 4068 2.

205 4086 464 4155 quamn
